<?xml version="1.0" encoding="UTF-8"?>
<!DOCTYPE html PUBLIC "-//W3C//DTD XHTML 1.0 Transitional//EN"
    "http://www.w3.org/TR/xhtml1/DTD/xhtml1-transitional.dtd">
<html xmlns="http://www.w3.org/1999/xhtml" xml:lang="en" lang="en">
 <head>
  <title>
</title>
<meta http-equiv="Content-Type" content="text/html;charset=utf-8" />
  <meta name='ocr-system' content='tesseract 3.04.00' />
  <meta name='ocr-capabilities' content='ocr_page ocr_carea ocr_par ocr_line ocrx_word'/>
</head>
<body>
  <div class='ocr_page' id='page_1' title='image "./mtciceronisorat01folsgoog_0156.png"; bbox 0 0 2667 4242; ppageno 0'>
   <div class='ocr_carea' id='block_1_1' title="bbox 352 303 1903 376">
    <p class='ocr_par' dir='ltr' id='par_1_1' title="bbox 352 303 1903 376">
     <span class='ocr_line' id='line_1_1' title="bbox 352 303 1903 376; baseline -0.004 -18"><span class='ocrx_word' id='word_1_1' title='bbox 352 310 474 375; x_wconf 63' lang='grc' dir='ltr'><strong>ιω</strong></span> <span class='ocrx_word' id='word_1_2' title='bbox 956 304 1229 367; x_wconf 65' lang='lat' dir='ltr'><strong>omno</strong></span> <span class='ocrx_word' id='word_1_3' title='bbox 1272 304 1351 355; x_wconf 78' lang='lat' dir='ltr'><strong>m</strong></span> <span class='ocrx_word' id='word_1_4' title='bbox 1390 304 1466 355; x_wconf 74' lang='grc' dir='ltr'><strong>Μ.</strong></span> <span class='ocrx_word' id='word_1_5' title='bbox 1500 303 1903 376; x_wconf 68' lang='lat' dir='ltr'><strong>Ana-omum.</strong></span> 
     </span>
    </p>
   </div>
   <div class='ocr_carea' id='block_1_2' title="bbox 450 404 2445 519">
    <p class='ocr_par' dir='ltr' id='par_1_2' title="bbox 450 404 2445 519">
     <span class='ocr_line' id='line_1_2' title="bbox 450 404 2445 519; baseline -0.004 -9"><span class='ocrx_word' id='word_1_6' title='bbox 450 404 723 510; x_wconf 75' lang='lat' dir='ltr'><strong>involutd.</strong></span> <span class='ocrx_word' id='word_1_7' title='bbox 805 447 1053 519; x_wconf 72' lang='lat' dir='ltr'><strong>Ianitor,</strong></span> <span class='ocrx_word' id='word_1_8' title='bbox 1091 448 1249 510; x_wconf 79' lang='lat' dir='ltr'><strong>Quis</strong></span> <span class='ocrx_word' id='word_1_9' title='bbox 1296 450 1407 507; x_wconf 78' lang='lat' dir='ltr'><strong>tu&#39;l</strong></span> <span class='ocrx_word' id='word_1_10' title='bbox 1489 449 1545 506; x_wconf 78' lang='lat' dir='ltr'>A</span> <span class='ocrx_word' id='word_1_11' title='bbox 1596 446 1802 506; x_wconf 83' lang='lat' dir='ltr'><strong>Marco</strong></span> <span class='ocrx_word' id='word_1_12' title='bbox 1847 446 2199 505; x_wconf 73' lang='lat' dir='ltr'><strong>tabellarius.</strong></span> <span class='ocrx_word' id='word_1_13' title='bbox 2283 445 2445 504; x_wconf 80' lang='lat' dir='ltr'><strong>Gon-</strong></span> 
     </span>
    </p>
   </div>
   <div class='ocr_carea' id='block_1_3' title="bbox 346 526 2452 3907">
    <p class='ocr_par' dir='ltr' id='par_1_3' title="bbox 449 526 2445 762">
     <span class='ocr_line' id='line_1_3' title="bbox 451 526 2445 604; baseline -0.005 -13"><span class='ocrx_word' id='word_1_14' title='bbox 451 529 640 591; x_wconf 69' lang='lat' dir='ltr'><strong>sentim</strong></span> <span class='ocrx_word' id='word_1_15' title='bbox 671 529 743 587; x_wconf 83' lang='lat' dir='ltr'><strong>ad</strong></span> <span class='ocrx_word' id='word_1_16' title='bbox 771 547 922 599; x_wconf 89' lang='lat' dir='ltr'><strong>eam,</strong></span> <span class='ocrx_word' id='word_1_17' title='bbox 952 527 1120 604; x_wconf 79' lang='lat' dir='ltr'><strong>cujus</strong></span> <span class='ocrx_word' id='word_1_18' title='bbox 1160 529 1339 585; x_wconf 71' lang='lat' dir='ltr'><strong>causa</strong></span> <span class='ocrx_word' id='word_1_19' title='bbox 1371 537 1624 597; x_wconf 79' lang='lat' dir='ltr'><strong>venerat,</strong></span> <span class='ocrx_word' id='word_1_20' title='bbox 1654 527 1993 596; x_wconf 83' lang='lat' dir='ltr'><strong>deducitur;</strong></span> <span class='ocrx_word' id='word_1_21' title='bbox 2035 526 2208 600; x_wconf 85' lang='lat' dir='ltr'><strong>eique</strong></span> <span class='ocrx_word' id='word_1_22' title='bbox 2234 527 2445 600; x_wconf 87' lang='lat' dir='ltr'><strong>episto-</strong></span> 
     </span>
     <span class='ocr_line' id='line_1_4' title="bbox 450 604 2425 682; baseline -0.005 -13"><span class='ocrx_word' id='word_1_23' title='bbox 450 608 568 669; x_wconf 79' lang='lat' dir='ltr'><strong>lam</strong></span> <span class='ocrx_word' id='word_1_24' title='bbox 608 607 797 667; x_wconf 80' lang='lat' dir='ltr'><strong>tradit.</strong></span> <span class='ocrx_word' id='word_1_25' title='bbox 878 607 1081 669; x_wconf 80' lang='lat' dir='ltr'><strong>Quam</strong></span> <span class='ocrx_word' id='word_1_26' title='bbox 1121 604 1257 664; x_wconf 71' lang='lat' dir='ltr'><strong>curn</strong></span> <span class='ocrx_word' id='word_1_27' title='bbox 1301 607 1400 664; x_wconf 92' lang='lat' dir='ltr'><strong>illa</strong></span> <span class='ocrx_word' id='word_1_28' title='bbox 1441 607 1657 682; x_wconf 83' lang='lat' dir='ltr'><strong>legeret</strong></span> <span class='ocrx_word' id='word_1_29' title='bbox 1698 605 1864 677; x_wconf 88' lang='lat' dir='ltr'><strong>flens,</strong></span> <span class='ocrx_word' id='word_1_30' title='bbox 1897 604 2050 682; x_wconf 82' lang='lat' dir='ltr'><strong>(erat</strong></span> <span class='ocrx_word' id='word_1_31' title='bbox 2089 605 2249 662; x_wconf 87' lang='lat' dir='ltr'><strong>enim</strong></span> <span class='ocrx_word' id='word_1_32' title='bbox 2289 623 2425 661; x_wconf 85' lang='lat' dir='ltr'><strong>ama</strong></span> 
     </span>
     <span class='ocr_line' id='line_1_5' title="bbox 449 682 2445 762; baseline -0.007 -11"><span class='ocrx_word' id='word_1_33' title='bbox 449 683 597 751; x_wconf 64' lang='lat' dir='ltr'><strong>tori&amp;</strong></span> <span class='ocrx_word' id='word_1_34' title='bbox 644 686 897 760; x_wconf 82' lang='lat' dir='ltr'><strong>scripta:</strong></span> <span class='ocrx_word' id='word_1_35' title='bbox 953 695 1128 762; x_wconf 84' lang='lat' dir='ltr'><strong>caput</strong></span> <span class='ocrx_word' id='word_1_36' title='bbox 1182 696 1379 743; x_wconf 64' lang='lat' dir='ltr'><strong>autem</strong></span> <span class='ocrx_word' id='word_1_37' title='bbox 1418 685 1736 755; x_wconf 83' lang='lat' dir='ltr'><strong>literarum,</strong></span> <span class='ocrx_word' id='word_1_38' title='bbox 1776 684 1887 743; x_wconf 89' lang='lat' dir='ltr'><strong>sibi</strong></span> <span class='ocrx_word' id='word_1_39' title='bbox 1929 703 2064 742; x_wconf 88' lang='lat' dir='ltr'><strong>cum</strong></span> <span class='ocrx_word' id='word_1_40' title='bbox 2107 684 2209 740; x_wconf 71' lang='lat' dir='ltr'><strong>ina</strong></span> <span class='ocrx_word' id='word_1_41' title='bbox 2263 682 2445 739; x_wconf 71' lang='lat' dir='ltr'><strong>mima</strong></span> 
     </span>
    </p>

    <p class='ocr_par' dir='ltr' id='par_1_4' title="bbox 360 762 2450 1158">
     <span class='ocr_line' id='line_1_6' title="bbox 360 762 2444 841; baseline -0.003 -18"><span class='ocrx_word' id='word_1_42' title='bbox 360 771 422 825; x_wconf 57' lang='lat'><strong>„5</strong></span> <span class='ocrx_word' id='word_1_43' title='bbox 450 766 691 841; x_wconf 77' lang='lat' dir='ltr'><strong>posthac</strong></span> <span class='ocrx_word' id='word_1_44' title='bbox 730 764 872 821; x_wconf 82' lang='lat' dir='ltr'>nihil</span> <span class='ocrx_word' id='word_1_45' title='bbox 916 764 1209 822; x_wconf 82' lang='lat' dir='ltr'><strong>futurum:</strong></span> <span class='ocrx_word' id='word_1_46' title='bbox 1248 783 1482 822; x_wconf 85' lang='lat' dir='ltr'><strong>omnem</strong></span> <span class='ocrx_word' id='word_1_47' title='bbox 1523 782 1586 821; x_wconf 81' lang='lat' dir='ltr'><strong>se</strong></span> <span class='ocrx_word' id='word_1_48' title='bbox 1632 782 1886 821; x_wconf 78' lang='lat' dir='ltr'><strong>amorem</strong></span> <span class='ocrx_word' id='word_1_49' title='bbox 1929 762 2214 841; x_wconf 71' lang='lat' dir='ltr'><strong>abjecisse</strong></span> <span class='ocrx_word' id='word_1_50' title='bbox 2260 762 2444 833; x_wconf 84' lang='lat' dir='ltr'><strong>illine,</strong></span> 
     </span>
     <span class='ocr_line' id='line_1_7' title="bbox 452 838 2450 922; baseline -0.003 -20"><span class='ocrx_word' id='word_1_51' title='bbox 452 853 621 918; x_wconf 76' lang='lat' dir='ltr'><strong>atque</strong></span> <span class='ocrx_word' id='word_1_52' title='bbox 664 842 725 901; x_wconf 80' lang='lat' dir='ltr'><strong>in</strong></span> <span class='ocrx_word' id='word_1_53' title='bbox 766 844 919 900; x_wconf 75' lang='lat' dir='ltr'><strong>hanc</strong></span> <span class='ocrx_word' id='word_1_54' title='bbox 958 843 1363 922; x_wconf 76' lang='lat' dir='ltr'><strong>transfudisse)</strong></span> <span class='ocrx_word' id='word_1_55' title='bbox 1395 840 1530 900; x_wconf 72' lang='lat' dir='ltr'><strong>cum</strong></span> <span class='ocrx_word' id='word_1_56' title='bbox 1561 842 1769 900; x_wconf 87' lang='lat' dir='ltr'><strong>mulier</strong></span> <span class='ocrx_word' id='word_1_57' title='bbox 1796 842 1958 900; x_wconf 89' lang='lat' dir='ltr'><strong>fleret</strong></span> <span class='ocrx_word' id='word_1_58' title='bbox 1986 838 2246 911; x_wconf 71' lang='lat' dir='ltr'><strong>uberius,</strong></span> <span class='ocrx_word' id='word_1_59' title='bbox 2266 841 2450 897; x_wconf 84' lang='lat' dir='ltr'><strong>homo</strong></span> 
     </span>
     <span class='ocr_line' id='line_1_8' title="bbox 450 919 2445 998; baseline -0.004 -16"><span class='ocrx_word' id='word_1_60' title='bbox 450 921 779 982; x_wconf 68' lang='lat' dir='ltr'>misericors</span> <span class='ocrx_word' id='word_1_61' title='bbox 807 921 955 979; x_wconf 86' lang='lat' dir='ltr'><strong>ferre</strong></span> <span class='ocrx_word' id='word_1_62' title='bbox 984 941 1100 979; x_wconf 90' lang='lat' dir='ltr'><strong>non</strong></span> <span class='ocrx_word' id='word_1_63' title='bbox 1140 921 1323 998; x_wconf 85' lang='lat' dir='ltr'><strong>potuit</strong></span> <span class='ocrx_word' id='word_1_64' title='bbox 1346 941 1378 994; x_wconf 17' lang='lat'><strong>:-</strong></span> <span class='ocrx_word' id='word_1_65' title='bbox 1404 932 1581 996; x_wconf 88' lang='lat' dir='ltr'><strong>caput</strong></span> <span class='ocrx_word' id='word_1_66' title='bbox 1622 921 1877 997; x_wconf 80' lang='lat' dir='ltr'><strong>aperuit3</strong></span> <span class='ocrx_word' id='word_1_67' title='bbox 1922 921 1983 977; x_wconf 89' lang='lat' dir='ltr'><strong>in</strong></span> <span class='ocrx_word' id='word_1_68' title='bbox 2026 920 2242 977; x_wconf 89' lang='lat' dir='ltr'><strong>collum</strong></span> <span class='ocrx_word' id='word_1_69' title='bbox 2286 919 2445 975; x_wconf 82' lang='lat' dir='ltr'><strong>inva-</strong></span> 
     </span>
     <span class='ocr_line' id='line_1_9' title="bbox 450 998 2447 1076; baseline -0.001 -19"><span class='ocrx_word' id='word_1_70' title='bbox 450 999 542 1057; x_wconf 87' lang='lat' dir='ltr'><strong>sit.</strong></span> <span class='ocrx_word' id='word_1_71' title='bbox 592 999 684 1076; x_wconf 27' lang='lat' dir='ltr'><strong>,O</strong></span> <span class='ocrx_word' id='word_1_72' title='bbox 714 1000 1007 1063; x_wconf 85' lang='lat' dir='ltr'><strong>hominem</strong></span> <span class='ocrx_word' id='word_1_73' title='bbox 1036 1002 1318 1076; x_wconf 77' lang='lat' dir='ltr'><strong>nequam!</strong></span> <span class='ocrx_word' id='word_1_74' title='bbox 1366 1000 1529 1076; x_wconf 86' lang='lat' dir='ltr'><strong>(quid</strong></span> <span class='ocrx_word' id='word_1_75' title='bbox 1559 1001 1717 1058; x_wconf 88' lang='lat' dir='ltr'><strong>enim</strong></span> <span class='ocrx_word' id='word_1_76' title='bbox 1765 999 1920 1057; x_wconf 87' lang='lat' dir='ltr'><strong>aliud</strong></span> <span class='ocrx_word' id='word_1_77' title='bbox 1968 1000 2212 1056; x_wconf 83' lang='lat' dir='ltr'><strong>dicam&#39;l</strong></span> <span class='ocrx_word' id='word_1_78' title='bbox 2257 998 2447 1073; x_wconf 84' lang='lat' dir='ltr'><strong>magis</strong></span> 
     </span>
     <span class='ocr_line' id='line_1_10' title="bbox 450 1076 2446 1158; baseline -0.003 -19"><span class='ocrx_word' id='word_1_79' title='bbox 450 1077 677 1154; x_wconf 73' lang='lat' dir='ltr'><strong>proprie</strong></span> <span class='ocrx_word' id='word_1_80' title='bbox 722 1078 864 1137; x_wconf 74' lang='lat' dir='ltr'><strong>nihil</strong></span> <span class='ocrx_word' id='word_1_81' title='bbox 906 1098 1136 1154; x_wconf 63' lang='lat' dir='ltr'><strong>pomum</strong></span> <span class='ocrx_word' id='word_1_82' title='bbox 1185 1079 1431 1158; x_wconf 87' lang='lat' dir='ltr'><strong>dicere.)</strong></span> <span class='ocrx_word' id='word_1_83' title='bbox 1516 1078 1693 1155; x_wconf 84' lang='lat' dir='ltr'><strong>Ergo,</strong></span> <span class='ocrx_word' id='word_1_84' title='bbox 1723 1089 1787 1135; x_wconf 88' lang='lat' dir='ltr'><strong>ut</strong></span> <span class='ocrx_word' id='word_1_85' title='bbox 1826 1089 1884 1135; x_wconf 88' lang='lat' dir='ltr'><strong>te</strong></span> <span class='ocrx_word' id='word_1_86' title='bbox 1926 1076 2290 1146; x_wconf 81' lang='lat' dir='ltr'><strong>catamitum,</strong></span> <span class='ocrx_word' id='word_1_87' title='bbox 2331 1096 2446 1134; x_wconf 86' lang='lat' dir='ltr'><strong>nec</strong></span> 
     </span>
    </p>

    <p class='ocr_par' dir='ltr' id='par_1_5' title="bbox 350 1154 2449 1546">
     <span class='ocr_line' id='line_1_11' title="bbox 350 1154 2446 1233; baseline -0.002 -18"><span class='ocrx_word' id='word_1_88' title='bbox 350 1159 423 1215; x_wconf 81' lang='lat' dir='ltr'><strong>m</strong></span> <span class='ocrx_word' id='word_1_89' title='bbox 449 1155 689 1232; x_wconf 69' lang='lat' dir='ltr'><strong>opinato</strong></span> <span class='ocrx_word' id='word_1_90' title='bbox 741 1154 878 1214; x_wconf 74' lang='lat' dir='ltr'><strong>cum</strong></span> <span class='ocrx_word' id='word_1_91' title='bbox 930 1158 1300 1228; x_wconf 86' lang='lat' dir='ltr'><strong>ostendisses,</strong></span> <span class='ocrx_word' id='word_1_92' title='bbox 1342 1167 1546 1233; x_wconf 78' lang='lat' dir='ltr'><strong>praeter</strong></span> <span class='ocrx_word' id='word_1_93' title='bbox 1599 1176 1760 1233; x_wconf 86' lang='lat' dir='ltr'><strong>spem</strong></span> <span class='ocrx_word' id='word_1_94' title='bbox 1815 1156 2020 1214; x_wconf 86' lang='lat' dir='ltr'><strong>mulier</strong></span> <span class='ocrx_word' id='word_1_95' title='bbox 2092 1156 2446 1231; x_wconf 80' lang='lat' dir='ltr'><strong>adspiceret,</strong></span> 
     </span>
     <span class='ocr_line' id='line_1_12' title="bbox 452 1235 2447 1305; baseline -0.001 -12"><span class='ocrx_word' id='word_1_96' title='bbox 452 1235 671 1301; x_wconf 83' lang='lat' dir='ltr'><strong>idcirco</strong></span> <span class='ocrx_word' id='word_1_97' title='bbox 712 1236 926 1294; x_wconf 81' lang='lat' dir='ltr'><strong>Urbem</strong></span> <span class='ocrx_word' id='word_1_98' title='bbox 976 1247 1189 1293; x_wconf 84' lang='lat' dir='ltr'><strong>terrore</strong></span> <span class='ocrx_word' id='word_1_99' title='bbox 1232 1247 1535 1305; x_wconf 77' lang='lat' dir='ltr'>nocturne,</span> <span class='ocrx_word' id='word_1_100' title='bbox 1582 1235 1810 1293; x_wconf 80' lang='lat' dir='ltr'><strong>Italiam</strong></span> <span class='ocrx_word' id='word_1_101' title='bbox 1859 1236 2171 1293; x_wconf 86' lang='lat' dir='ltr'><strong>multorum</strong></span> <span class='ocrx_word' id='word_1_102' title='bbox 2215 1235 2447 1292; x_wconf 84' lang='lat' dir='ltr'><strong>dierum</strong></span> 
     </span>
     <span class='ocr_line' id='line_1_13' title="bbox 451 1311 2449 1390; baseline -0.001 -17"><span class='ocrx_word' id='word_1_103' title='bbox 451 1326 634 1386; x_wconf 81' lang='lat' dir='ltr'><strong>metu,</strong></span> <span class='ocrx_word' id='word_1_104' title='bbox 659 1314 1038 1390; x_wconf 58' lang='lat' dir='ltr'><strong>perturbasti!</strong></span> <span class='ocrx_word' id='word_1_105' title='bbox 1124 1313 1200 1374; x_wconf 85' lang='lat' dir='ltr'><strong>Et</strong></span> <span class='ocrx_word' id='word_1_106' title='bbox 1239 1315 1396 1372; x_wconf 87' lang='lat' dir='ltr'><strong>domi</strong></span> <span class='ocrx_word' id='word_1_107' title='bbox 1436 1315 1668 1390; x_wconf 87' lang='lat' dir='ltr'><strong>quidem</strong></span> <span class='ocrx_word' id='word_1_108' title='bbox 1711 1332 1949 1372; x_wconf 84' lang='lat' dir='ltr'><strong>causam</strong></span> <span class='ocrx_word' id='word_1_109' title='bbox 1991 1314 2206 1372; x_wconf 88' lang='lat' dir='ltr'><strong>amoris</strong></span> <span class='ocrx_word' id='word_1_110' title='bbox 2237 1311 2449 1390; x_wconf 82' lang='lat' dir='ltr'><strong>[habu-</strong></span> 
     </span>
     <span class='ocr_line' id='line_1_14' title="bbox 454 1390 2448 1468; baseline -0.001 -17"><span class='ocrx_word' id='word_1_111' title='bbox 454 1392 581 1461; x_wconf 68' lang='grc' dir='ltr'><strong>ιαίς</strong></span> <span class='ocrx_word' id='word_1_112' title='bbox 682 1390 818 1450; x_wconf 82' lang='lat' dir='ltr'><strong>foris</strong></span> <span class='ocrx_word' id='word_1_113' title='bbox 869 1393 1043 1450; x_wconf 82' lang='lat' dir='ltr'><strong>etiarn</strong></span> <span class='ocrx_word' id='word_1_114' title='bbox 1098 1393 1430 1468; x_wconf 78' lang='lat' dir='ltr'>turpiorem,</span> <span class='ocrx_word' id='word_1_115' title='bbox 1484 1412 1557 1451; x_wconf 93' lang='lat' dir='ltr'><strong>ne</strong></span> <span class='ocrx_word' id='word_1_116' title='bbox 1612 1392 1681 1451; x_wconf 92' lang='lat' dir='ltr'><strong>L.</strong></span> <span class='ocrx_word' id='word_1_117' title='bbox 1738 1393 1992 1450; x_wconf 81' lang='lat' dir='ltr'>Plancus</span> <span class='ocrx_word' id='word_1_118' title='bbox 2043 1392 2271 1467; x_wconf 83' lang='lat' dir='ltr'><strong>praedes</strong></span> <span class='ocrx_word' id='word_1_119' title='bbox 2311 1403 2448 1450; x_wconf 84' lang='lat' dir='ltr'><strong>tuos</strong></span> 
     </span>
     <span class='ocr_line' id='line_1_15' title="bbox 451 1470 2446 1546; baseline -0.002 -16"><span class='ocrx_word' id='word_1_120' title='bbox 451 1490 559 1531; x_wconf 71' lang='lat' dir='ltr'><strong>ven</strong></span> <span class='ocrx_word' id='word_1_121' title='bbox 641 1482 742 1529; x_wconf 87' lang='lat' dir='ltr'><strong>ret.</strong></span> <span class='ocrx_word' id='word_1_122' title='bbox 825 1471 1149 1529; x_wconf 71' lang='lat' dir='ltr'><strong>Productus</strong></span> <span class='ocrx_word' id='word_1_123' title='bbox 1177 1483 1371 1529; x_wconf 83' lang='lat' dir='ltr'><strong>autem</strong></span> <span class='ocrx_word' id='word_1_124' title='bbox 1401 1473 1459 1529; x_wconf 92' lang='lat' dir='ltr'><strong>in</strong></span> <span class='ocrx_word' id='word_1_125' title='bbox 1503 1472 1848 1531; x_wconf 74' lang='lat' dir='ltr'><strong>concionem</strong></span> <span class='ocrx_word' id='word_1_126' title='bbox 1879 1489 1914 1528; x_wconf 86' lang='lat' dir='ltr'><strong>a</strong></span> <span class='ocrx_word' id='word_1_127' title='bbox 1955 1472 2190 1529; x_wconf 90' lang='lat' dir='ltr'><strong>tribuno</strong></span> <span class='ocrx_word' id='word_1_128' title='bbox 2236 1470 2446 1546; x_wconf 85' lang='lat' dir='ltr'><strong>plebis,</strong></span> 
     </span>
    </p>

    <p class='ocr_par' dir='ltr' id='par_1_6' title="bbox 352 1545 2450 1708">
     <span class='ocr_line' id='line_1_16' title="bbox 352 1545 2450 1626; baseline -0 -19"><span class='ocrx_word' id='word_1_129' title='bbox 352 1548 423 1607; x_wconf 69' lang='lat'><strong>1³</strong></span> <span class='ocrx_word' id='word_1_130' title='bbox 452 1545 591 1607; x_wconf 69' lang='lat' dir='ltr'><strong>cum</strong></span> <span class='ocrx_word' id='word_1_131' title='bbox 619 1549 1028 1624; x_wconf 76' lang='lat' dir='ltr'><strong>respondisses,</strong></span> <span class='ocrx_word' id='word_1_132' title='bbox 1058 1561 1115 1607; x_wconf 87' lang='lat' dir='ltr'><strong>te</strong></span> <span class='ocrx_word' id='word_1_133' title='bbox 1146 1551 1227 1606; x_wconf 88' lang='lat' dir='ltr'><strong>rei</strong></span> <span class='ocrx_word' id='word_1_134' title='bbox 1271 1561 1386 1608; x_wconf 82' lang='lat' dir='ltr'><strong>tuae</strong></span> <span class='ocrx_word' id='word_1_135' title='bbox 1434 1550 1614 1609; x_wconf 64' lang='lat' dir='ltr'><strong>causa</strong></span> <span class='ocrx_word' id='word_1_136' title='bbox 1664 1550 1911 1621; x_wconf 82' lang='lat' dir='ltr'><strong>venisse,</strong></span> <span class='ocrx_word' id='word_1_137' title='bbox 1940 1550 2222 1626; x_wconf 83' lang='lat' dir='ltr'><strong>populum</strong></span> <span class='ocrx_word' id='word_1_138' title='bbox 2266 1549 2450 1606; x_wconf 88' lang='lat' dir='ltr'><strong>etiam</strong></span> 
     </span>
     <span class='ocr_line' id='line_1_17' title="bbox 450 1627 1249 1708; baseline -0.001 -21"><span class='ocrx_word' id='word_1_139' title='bbox 450 1627 718 1687; x_wconf 79' lang='lat' dir='ltr'><strong>dicacem</strong></span> <span class='ocrx_word' id='word_1_140' title='bbox 748 1628 806 1685; x_wconf 89' lang='lat' dir='ltr'><strong>in</strong></span> <span class='ocrx_word' id='word_1_141' title='bbox 836 1638 893 1685; x_wconf 86' lang='lat' dir='ltr'><strong>te</strong></span> <span class='ocrx_word' id='word_1_142' title='bbox 928 1628 1249 1708; x_wconf 60' lang='lat' dir='ltr'><strong>reddidisti.</strong></span> 
     </span>
    </p>

    <p class='ocr_par' dir='ltr' id='par_1_7' title="bbox 450 1705 2446 1942">
     <span class='ocr_line' id='line_1_18' title="bbox 530 1705 2444 1784; baseline 0.001 -22"><span class='ocrx_word' id='word_1_143' title='bbox 530 1705 798 1765; x_wconf 88' lang='lat' dir='ltr'>XXXII.</span> <span class='ocrx_word' id='word_1_144' title='bbox 880 1706 1000 1763; x_wconf 88' lang='lat' dir='ltr'><strong>Sed</strong></span> <span class='ocrx_word' id='word_1_145' title='bbox 1028 1707 1203 1764; x_wconf 84' lang='lat' dir='ltr'><strong>nimis</strong></span> <span class='ocrx_word' id='word_1_146' title='bbox 1225 1708 1403 1765; x_wconf 84' lang='lat' dir='ltr'><strong>multa</strong></span> <span class='ocrx_word' id='word_1_147' title='bbox 1429 1708 1502 1764; x_wconf 92' lang='lat' dir='ltr'><strong>de</strong></span> <span class='ocrx_word' id='word_1_148' title='bbox 1531 1708 1735 1784; x_wconf 85' lang='lat' dir='ltr'><strong>nugis:</strong></span> <span class='ocrx_word' id='word_1_149' title='bbox 1779 1707 1852 1764; x_wconf 90' lang='lat' dir='ltr'><strong>ad</strong></span> <span class='ocrx_word' id='word_1_150' title='bbox 1875 1706 2093 1782; x_wconf 85' lang='lat' dir='ltr'><strong>majora</strong></span> <span class='ocrx_word' id='word_1_151' title='bbox 2118 1706 2444 1764; x_wconf 82' lang='lat' dir='ltr'><strong>veniamus.</strong></span> 
     </span>
     <span class='ocr_line' id='line_1_19' title="bbox 451 1784 2444 1863; baseline -0.002 -18"><span class='ocrx_word' id='word_1_152' title='bbox 451 1784 668 1845; x_wconf 69' lang='lat' dir='ltr'><strong>Caesari</strong></span> <span class='ocrx_word' id='word_1_153' title='bbox 710 1803 785 1841; x_wconf 82' lang='lat' dir='ltr'><strong>ex</strong></span> <span class='ocrx_word' id='word_1_154' title='bbox 824 1784 1111 1861; x_wconf 68' lang='lat' dir='ltr'><strong>Hispania</strong></span> <span class='ocrx_word' id='word_1_155' title='bbox 1150 1786 1415 1845; x_wconf 80' lang='lat' dir='ltr'><strong>redeunti</strong></span> <span class='ocrx_word' id='word_1_156' title='bbox 1451 1787 1677 1845; x_wconf 71' lang='lat' dir='ltr'><strong>obviam</strong></span> <span class='ocrx_word' id='word_1_157' title='bbox 1719 1784 2055 1863; x_wconf 73' lang='lat' dir='ltr'><strong>longissime</strong></span> <span class='ocrx_word' id='word_1_158' title='bbox 2087 1786 2444 1861; x_wconf 77' lang='lat' dir='ltr'><strong>processisti.</strong></span> 
     </span>
     <span class='ocr_line' id='line_1_20' title="bbox 450 1861 2446 1942; baseline -0.001 -19"><span class='ocrx_word' id='word_1_159' title='bbox 450 1862 733 1923; x_wconf 81' lang='lat' dir='ltr'><strong>Celeriter</strong></span> <span class='ocrx_word' id='word_1_160' title='bbox 780 1861 899 1934; x_wconf 77' lang='lat' dir='ltr'><strong>isti,</strong></span> <span class='ocrx_word' id='word_1_161' title='bbox 953 1863 1173 1933; x_wconf 80' lang='lat' dir='ltr'><strong>redisti,</strong></span> <span class='ocrx_word' id='word_1_162' title='bbox 1223 1876 1287 1922; x_wconf 88' lang='lat' dir='ltr'><strong>ut</strong></span> <span class='ocrx_word' id='word_1_163' title='bbox 1330 1877 1709 1942; x_wconf 86' lang='lat' dir='ltr'><strong>cognosceret</strong></span> <span class='ocrx_word' id='word_1_164' title='bbox 1743 1876 1833 1936; x_wconf 88' lang='lat' dir='ltr'><strong>.te,</strong></span> <span class='ocrx_word' id='word_1_165' title='bbox 1876 1865 1925 1922; x_wconf 91' lang='lat' dir='ltr'><strong>si</strong></span> <span class='ocrx_word' id='word_1_166' title='bbox 1974 1862 2172 1922; x_wconf 67' lang='lat' dir='ltr'><strong>minus</strong></span> <span class='ocrx_word' id='word_1_167' title='bbox 2216 1864 2446 1934; x_wconf 56' lang='lat' dir='ltr'><strong>mrtem,</strong></span> 
     </span>
    </p>

    <p class='ocr_par' dir='ltr' id='par_1_8' title="bbox 348 1943 2451 2335">
     <span class='ocr_line' id='line_1_21' title="bbox 348 1943 2447 2018; baseline 0 -19"><span class='ocrx_word' id='word_1_168' title='bbox 348 1944 429 2005; x_wconf 53' lang='lat' dir='ltr'><em>U</em></span> <span class='ocrx_word' id='word_1_169' title='bbox 452 1952 707 2001; x_wconf 78' lang='lat' dir='ltr'><strong>attamen</strong></span> <span class='ocrx_word' id='word_1_170' title='bbox 748 1952 1065 2001; x_wconf 84' lang='lat' dir='ltr'><strong>strenuum.</strong></span> <span class='ocrx_word' id='word_1_171' title='bbox 1152 1943 1371 2001; x_wconf 88' lang='lat' dir='ltr'><strong>Factus</strong></span> <span class='ocrx_word' id='word_1_172' title='bbox 1412 1964 1476 2001; x_wconf 88' lang='lat' dir='ltr'><strong>es</strong></span> <span class='ocrx_word' id='word_1_173' title='bbox 1519 1945 1572 2001; x_wconf 89' lang='lat' dir='ltr'><strong>ei</strong></span> <span class='ocrx_word' id='word_1_174' title='bbox 1625 1964 1842 2014; x_wconf 88' lang='lat' dir='ltr'><strong>rursus,</strong></span> <span class='ocrx_word' id='word_1_175' title='bbox 1887 1944 2087 2000; x_wconf 88' lang='lat' dir='ltr'><strong>nescio</strong></span> <span class='ocrx_word' id='word_1_176' title='bbox 2130 1945 2447 2018; x_wconf 87' lang='lat' dir='ltr'><strong>quomodo,</strong></span> 
     </span>
     <span class='ocr_line' id='line_1_22' title="bbox 452 2016 2450 2098; baseline -0.003 -15"><span class='ocrx_word' id='word_1_177' title='bbox 452 2016 765 2083; x_wconf 70' lang='lat' dir='ltr'><strong>familiaris.</strong></span> <span class='ocrx_word' id='word_1_178' title='bbox 852 2021 1123 2079; x_wconf 82' lang='lat' dir='ltr'><strong>Habebat</strong></span> <span class='ocrx_word' id='word_1_179' title='bbox 1152 2023 1262 2080; x_wconf 85' lang='lat' dir='ltr'><strong>hoc</strong></span> <span class='ocrx_word' id='word_1_180' title='bbox 1294 2023 1536 2080; x_wconf 83' lang='lat' dir='ltr'><strong>omnino</strong></span> <span class='ocrx_word' id='word_1_181' title='bbox 1565 2024 1796 2082; x_wconf 81' lang='lat' dir='ltr'><strong>Caesar:</strong></span> <span class='ocrx_word' id='word_1_182' title='bbox 1838 2041 2007 2097; x_wconf 88' lang='lat' dir='ltr'><strong>quern</strong></span> <span class='ocrx_word' id='word_1_183' title='bbox 2037 2021 2212 2098; x_wconf 74' lang='lat' dir='ltr'><strong>plane</strong></span> <span class='ocrx_word' id='word_1_184' title='bbox 2257 2023 2450 2097; x_wconf 84' lang='lat' dir='ltr'><strong>perdi-</strong></span> 
     </span>
     <span class='ocr_line' id='line_1_23' title="bbox 451 2100 2448 2177; baseline -0.002 -16"><span class='ocrx_word' id='word_1_185' title='bbox 451 2111 574 2161; x_wconf 78' lang='lat' dir='ltr'><strong>tum</strong></span> <span class='ocrx_word' id='word_1_186' title='bbox 619 2120 730 2158; x_wconf 81' lang='lat' dir='ltr'><strong>aere</strong></span> <span class='ocrx_word' id='word_1_187' title='bbox 772 2100 981 2171; x_wconf 86' lang='lat' dir='ltr'><strong>alieno,</strong></span> <span class='ocrx_word' id='word_1_188' title='bbox 1021 2112 1424 2177; x_wconf 82' lang='lat' dir='ltr'><strong>egentemque,</strong></span> <span class='ocrx_word' id='word_1_189' title='bbox 1466 2103 1515 2158; x_wconf 88' lang='lat' dir='ltr'><strong>si</strong></span> <span class='ocrx_word' id='word_1_190' title='bbox 1556 2103 1807 2160; x_wconf 87' lang='lat' dir='ltr'><strong>eundern</strong></span> <span class='ocrx_word' id='word_1_191' title='bbox 1850 2119 2097 2175; x_wconf 82' lang='lat' dir='ltr'><strong>nequam</strong></span> <span class='ocrx_word' id='word_1_192' title='bbox 2149 2101 2448 2157; x_wconf 78' lang='lat' dir='ltr'><strong>hominem</strong></span> 
     </span>
     <span class='ocr_line' id='line_1_24' title="bbox 453 2177 2447 2256; baseline 0 -19"><span class='ocrx_word' id='word_1_193' title='bbox 453 2180 848 2255; x_wconf 72' lang='lat' dir='ltr'><strong>audacemque</strong></span> <span class='ocrx_word' id='word_1_194' title='bbox 900 2179 1199 2256; x_wconf 76' lang='lat' dir='ltr'><strong>cognorat,</strong></span> <span class='ocrx_word' id='word_1_195' title='bbox 1244 2182 1402 2238; x_wconf 88' lang='lat' dir='ltr'><strong>hunc</strong></span> <span class='ocrx_word' id='word_1_196' title='bbox 1450 2181 1509 2237; x_wconf 93' lang='lat' dir='ltr'><strong>in</strong></span> <span class='ocrx_word' id='word_1_197' title='bbox 1559 2181 2001 2239; x_wconf 74' lang='lat' dir='ltr'><strong>familiaritatem</strong></span> <span class='ocrx_word' id='word_1_198' title='bbox 2053 2177 2447 2237; x_wconf 71' lang='lat' dir='ltr'><strong>libentissime</strong></span> 
     </span>
     <span class='ocr_line' id='line_1_25' title="bbox 457 2257 2451 2335; baseline -0.001 -18"><span class='ocrx_word' id='word_1_199' title='bbox 457 2259 786 2334; x_wconf 82' lang='lat' dir='ltr'><strong>recipiebat.</strong></span> <span class='ocrx_word' id='word_1_200' title='bbox 874 2259 985 2316; x_wconf 90' lang='lat' dir='ltr'><strong>His</strong></span> <span class='ocrx_word' id='word_1_201' title='bbox 1013 2259 1184 2335; x_wconf 87' lang='lat' dir='ltr'><strong>igitur</strong></span> <span class='ocrx_word' id='word_1_202' title='bbox 1226 2260 1399 2316; x_wconf 88' lang='lat' dir='ltr'><strong>rebus</strong></span> <span class='ocrx_word' id='word_1_203' title='bbox 1426 2258 1702 2335; x_wconf 71' lang='lat' dir='ltr'><strong>praeclare</strong></span> <span class='ocrx_word' id='word_1_204' title='bbox 1745 2257 2205 2328; x_wconf 76' lang='lat' dir='ltr'><strong>commendatus,</strong></span> <span class='ocrx_word' id='word_1_205' title='bbox 2251 2257 2451 2333; x_wconf 77' lang='lat' dir='ltr'><strong>jussus</strong></span> 
     </span>
    </p>

    <p class='ocr_par' dir='ltr' id='par_1_9' title="bbox 348 2334 2452 2728">
     <span class='ocr_line' id='line_1_26' title="bbox 348 2334 2450 2413; baseline 0.001 -20"><span class='ocrx_word' id='word_1_206' title='bbox 348 2337 425 2405; x_wconf 51' lang='grc' dir='ltr'>ᾗ</span> <span class='ocrx_word' id='word_1_207' title='bbox 455 2355 519 2393; x_wconf 91' lang='lat' dir='ltr'><strong>es</strong></span> <span class='ocrx_word' id='word_1_208' title='bbox 548 2338 862 2394; x_wconf 89' lang='lat' dir='ltr'><strong>renuntiari</strong></span> <span class='ocrx_word' id='word_1_209' title='bbox 897 2338 1118 2409; x_wconf 81' lang='lat' dir='ltr'><strong>consul,</strong></span> <span class='ocrx_word' id='word_1_210' title='bbox 1148 2348 1207 2394; x_wconf 87' lang='lat' dir='ltr'><strong>et</strong></span> <span class='ocrx_word' id='word_1_211' title='bbox 1249 2339 1482 2412; x_wconf 83' lang='lat' dir='ltr'><strong>quidem</strong></span> <span class='ocrx_word' id='word_1_212' title='bbox 1527 2358 1659 2396; x_wconf 88' lang='lat' dir='ltr'><strong>cum</strong></span> <span class='ocrx_word' id='word_1_213' title='bbox 1705 2338 1845 2413; x_wconf 87' lang='lat' dir='ltr'><strong>ipso.</strong></span> <span class='ocrx_word' id='word_1_214' title='bbox 1929 2334 2093 2393; x_wconf 87' lang='lat' dir='ltr'><strong>Nihil</strong></span> <span class='ocrx_word' id='word_1_215' title='bbox 2121 2356 2333 2412; x_wconf 91' lang='lat' dir='ltr'><strong>queror</strong></span> <span class='ocrx_word' id='word_1_216' title='bbox 2374 2339 2450 2395; x_wconf 89' lang='lat' dir='ltr'><strong>de</strong></span> 
     </span>
     <span class='ocr_line' id='line_1_27' title="bbox 465 2415 2449 2492; baseline -0.001 -17"><span class='ocrx_word' id='word_1_217' title='bbox 465 2415 783 2486; x_wconf 73' lang='lat' dir='ltr'><strong>Dolabella,</strong></span> <span class='ocrx_word' id='word_1_218' title='bbox 808 2416 905 2492; x_wconf 91' lang='lat' dir='ltr'><strong>qui</strong></span> <span class='ocrx_word' id='word_1_219' title='bbox 949 2428 1068 2473; x_wconf 88' lang='lat' dir='ltr'><strong>tum</strong></span> <span class='ocrx_word' id='word_1_220' title='bbox 1112 2426 1200 2474; x_wconf 91' lang='lat' dir='ltr'><strong>est</strong></span> <span class='ocrx_word' id='word_1_221' title='bbox 1248 2417 1547 2492; x_wconf 88' lang='lat' dir='ltr'><strong>impulsus,</strong></span> <span class='ocrx_word' id='word_1_222' title='bbox 1580 2418 1869 2487; x_wconf 85' lang='lat' dir='ltr'><strong>inductus,</strong></span> <span class='ocrx_word' id='word_1_223' title='bbox 1898 2417 2109 2473; x_wconf 88' lang='lat' dir='ltr'><strong>elusus.</strong></span> <span class='ocrx_word' id='word_1_224' title='bbox 2193 2415 2340 2478; x_wconf 64' lang='lat' dir='ltr'><strong>Qua</strong></span> <span class='ocrx_word' id='word_1_225' title='bbox 2388 2417 2449 2474; x_wconf 93' lang='lat' dir='ltr'><strong>in</strong></span> 
     </span>
     <span class='ocr_line' id='line_1_28' title="bbox 460 2494 2449 2572; baseline 0.002 -23"><span class='ocrx_word' id='word_1_226' title='bbox 460 2511 523 2550; x_wconf 83' lang='lat' dir='ltr'><strong>re</strong></span> <span class='ocrx_word' id='word_1_227' title='bbox 550 2505 766 2567; x_wconf 83' lang='lat' dir='ltr'><strong>quanta</strong></span> <span class='ocrx_word' id='word_1_228' title='bbox 810 2495 980 2553; x_wconf 87' lang='lat' dir='ltr'><strong>suerit</strong></span> <span class='ocrx_word' id='word_1_229' title='bbox 1021 2495 1315 2570; x_wconf 84' lang='lat' dir='ltr'><strong>utriusque</strong></span> <span class='ocrx_word' id='word_1_230' title='bbox 1362 2496 1610 2553; x_wconf 72' lang='lat' dir='ltr'><strong>vestrum</strong></span> <span class='ocrx_word' id='word_1_231' title='bbox 1654 2495 1897 2572; x_wconf 85' lang='lat' dir='ltr'><strong>perfidia</strong></span> <span class='ocrx_word' id='word_1_232' title='bbox 1944 2495 2003 2551; x_wconf 91' lang='lat' dir='ltr'><strong>in</strong></span> <span class='ocrx_word' id='word_1_233' title='bbox 2056 2494 2449 2567; x_wconf 78' lang='lat' dir='ltr'><strong>Dolabellam,</strong></span> 
     </span>
     <span class='ocr_line' id='line_1_29' title="bbox 454 2571 2452 2650; baseline 0.003 -23"><span class='ocrx_word' id='word_1_234' title='bbox 454 2571 585 2645; x_wconf 85' lang='lat' dir='ltr'><strong>quis</strong></span> <span class='ocrx_word' id='word_1_235' title='bbox 615 2572 879 2647; x_wconf 67' lang='lat' dir='ltr'><strong>ignorat?</strong></span> <span class='ocrx_word' id='word_1_236' title='bbox 962 2573 1069 2630; x_wconf 89' lang='lat' dir='ltr'><strong>Ille</strong></span> <span class='ocrx_word' id='word_1_237' title='bbox 1102 2573 1346 2644; x_wconf 80' lang='lat' dir='ltr'><strong>induxit,</strong></span> <span class='ocrx_word' id='word_1_238' title='bbox 1377 2585 1440 2631; x_wconf 91' lang='lat' dir='ltr'><strong>ut</strong></span> <span class='ocrx_word' id='word_1_239' title='bbox 1466 2586 1718 2650; x_wconf 86' lang='lat' dir='ltr'><strong>peteret:</strong></span> <span class='ocrx_word' id='word_1_240' title='bbox 1760 2574 2106 2649; x_wconf 88' lang='lat' dir='ltr'><strong>promissum</strong></span> <span class='ocrx_word' id='word_1_241' title='bbox 2145 2583 2208 2630; x_wconf 86' lang='lat' dir='ltr'><strong>et</strong></span> <span class='ocrx_word' id='word_1_242' title='bbox 2247 2594 2452 2650; x_wconf 86' lang='lat' dir='ltr'><strong>recep-</strong></span> 
     </span>
     <span class='ocr_line' id='line_1_30' title="bbox 457 2649 2452 2728; baseline 0.001 -19"><span class='ocrx_word' id='word_1_243' title='bbox 457 2659 580 2709; x_wconf 81' lang='lat' dir='ltr'><strong>tum</strong></span> <span class='ocrx_word' id='word_1_244' title='bbox 610 2649 945 2720; x_wconf 77' lang='lat' dir='ltr'><strong>intervertit,</strong></span> <span class='ocrx_word' id='word_1_245' title='bbox 977 2652 1047 2709; x_wconf 91' lang='lat' dir='ltr'><strong>ad</strong></span> <span class='ocrx_word' id='word_1_246' title='bbox 1077 2672 1250 2727; x_wconf 91' lang='lat' dir='ltr'><strong>seque</strong></span> <span class='ocrx_word' id='word_1_247' title='bbox 1280 2654 1603 2710; x_wconf 84' lang='lat' dir='ltr'><strong>transtulit:</strong></span> <span class='ocrx_word' id='word_1_248' title='bbox 1647 2665 1706 2710; x_wconf 88' lang='lat' dir='ltr'><strong>tu</strong></span> <span class='ocrx_word' id='word_1_249' title='bbox 1736 2652 1870 2728; x_wconf 84' lang='lat' dir='ltr'><strong>ejus</strong></span> <span class='ocrx_word' id='word_1_250' title='bbox 1902 2653 2159 2727; x_wconf 64' lang='lat' dir='ltr'><strong>perfidiae</strong></span> <span class='ocrx_word' id='word_1_251' title='bbox 2188 2653 2452 2711; x_wconf 75' lang='lat' dir='ltr'><strong>volunta-</strong></span> 
     </span>
    </p>

    <p class='ocr_par' dir='ltr' id='par_1_10' title="bbox 346 2725 2450 3034">
     <span class='ocr_line' id='line_1_31' title="bbox 346 2725 2450 2808; baseline 0.001 -23"><span class='ocrx_word' id='word_1_252' title='bbox 346 2725 421 2795; x_wconf 52' lang='grc' dir='ltr'><strong>Ἥ</strong></span> <span class='ocrx_word' id='word_1_253' title='bbox 458 2739 575 2785; x_wconf 87' lang='lat' dir='ltr'><strong>tem</strong></span> <span class='ocrx_word' id='word_1_254' title='bbox 618 2738 773 2787; x_wconf 82' lang='lat' dir='ltr'><strong>tuam</strong></span> <span class='ocrx_word' id='word_1_255' title='bbox 818 2729 1189 2806; x_wconf 86' lang='lat' dir='ltr'><strong>adscripsisti.</strong></span> <span class='ocrx_word' id='word_1_256' title='bbox 1274 2732 1533 2795; x_wconf 90' lang='lat' dir='ltr'><strong>Veniunt</strong></span> <span class='ocrx_word' id='word_1_257' title='bbox 1576 2732 1850 2789; x_wconf 81' lang='lat' dir='ltr'><strong>Calendae</strong></span> <span class='ocrx_word' id='word_1_258' title='bbox 1892 2731 2229 2789; x_wconf 69' lang='lat' dir='ltr'><strong>Januariae:</strong></span> <span class='ocrx_word' id='word_1_259' title='bbox 2290 2734 2450 2808; x_wconf 85' lang='lat' dir='ltr'><strong>cogi-</strong></span> 
     </span>
     <span class='ocr_line' id='line_1_32' title="bbox 457 2807 2449 2887; baseline 0.001 -22"><span class='ocrx_word' id='word_1_260' title='bbox 457 2825 584 2865; x_wconf 79' lang='lat' dir='ltr'><strong>mur</strong></span> <span class='ocrx_word' id='word_1_261' title='bbox 627 2807 687 2863; x_wconf 91' lang='lat' dir='ltr'><strong>in</strong></span> <span class='ocrx_word' id='word_1_262' title='bbox 728 2819 1027 2867; x_wconf 87' lang='lat' dir='ltr'><strong>senatum:</strong></span> <span class='ocrx_word' id='word_1_263' title='bbox 1072 2810 1334 2867; x_wconf 87' lang='lat' dir='ltr'><strong>invectus</strong></span> <span class='ocrx_word' id='word_1_264' title='bbox 1375 2822 1460 2867; x_wconf 91' lang='lat' dir='ltr'><strong>est</strong></span> <span class='ocrx_word' id='word_1_265' title='bbox 1505 2808 1792 2887; x_wconf 74' lang='lat' dir='ltr'><strong>copiosius</strong></span> <span class='ocrx_word' id='word_1_266' title='bbox 1833 2808 2015 2868; x_wconf 74' lang='lat' dir='ltr'><strong>multo</strong></span> <span class='ocrx_word' id='word_1_267' title='bbox 2058 2810 2120 2867; x_wconf 87' lang='lat' dir='ltr'><strong>in</strong></span> <span class='ocrx_word' id='word_1_268' title='bbox 2168 2811 2342 2867; x_wconf 88' lang='lat' dir='ltr'><strong>istum</strong></span> <span class='ocrx_word' id='word_1_269' title='bbox 2388 2821 2449 2867; x_wconf 74' lang='lat' dir='ltr'><strong>et</strong></span> 
     </span>
     <span class='ocr_line' id='line_1_33' title="bbox 455 2883 2448 2965; baseline 0.002 -24"><span class='ocrx_word' id='word_1_270' title='bbox 455 2883 711 2960; x_wconf 68' lang='lat' dir='ltr'><strong>paratius</strong></span> <span class='ocrx_word' id='word_1_271' title='bbox 739 2885 1061 2955; x_wconf 86' lang='lat' dir='ltr'><strong>Dolabella,</strong></span> <span class='ocrx_word' id='word_1_272' title='bbox 1094 2888 1265 2963; x_wconf 76' lang='lat' dir='ltr'><strong>quam</strong></span> <span class='ocrx_word' id='word_1_273' title='bbox 1309 2908 1468 2946; x_wconf 89' lang='lat' dir='ltr'><strong>nunc</strong></span> <span class='ocrx_word' id='word_1_274' title='bbox 1493 2909 1620 2965; x_wconf 89' lang='lat' dir='ltr'><strong>ego.</strong></span> <span class='ocrx_word' id='word_1_275' title='bbox 1706 2890 1825 2946; x_wconf 90' lang='lat' dir='ltr'><strong>Hic</strong></span> <span class='ocrx_word' id='word_1_276' title='bbox 1870 2901 2064 2946; x_wconf 88' lang='lat' dir='ltr'><strong>autem</strong></span> <span class='ocrx_word' id='word_1_277' title='bbox 2108 2888 2292 2945; x_wconf 87' lang='lat' dir='ltr'><strong>iratus</strong></span> <span class='ocrx_word' id='word_1_278' title='bbox 2317 2908 2448 2963; x_wconf 69' lang='lat' dir='ltr'><strong>que</strong></span> 
     </span>
     <span class='ocr_line' id='line_1_34' title="bbox 456 2963 1460 3034; baseline 0.005 -11"><span class='ocrx_word' id='word_1_279' title='bbox 456 2963 621 3034; x_wconf 79' lang='lat' dir='ltr'><strong>dixit,</strong></span> <span class='ocrx_word' id='word_1_280' title='bbox 652 2964 751 3021; x_wconf 91' lang='lat' dir='ltr'><strong>Dii</strong></span> <span class='ocrx_word' id='word_1_281' title='bbox 781 2966 915 3023; x_wconf 89' lang='lat' dir='ltr'><strong>boni</strong></span> <span class='ocrx_word' id='word_1_282' title='bbox 940 2968 953 3024; x_wconf 87' lang='lat' dir='ltr'><strong>l</strong></span> <span class='ocrx_word' id='word_1_283' title='bbox 1447 2994 1460 3003; x_wconf 90' lang='lat'><strong>·</strong></span> 
     </span>
    </p>

    <p class='ocr_par' dir='ltr' id='par_1_11' title="bbox 537 3041 2449 3122">
     <span class='ocr_line' id='line_1_35' title="bbox 537 3041 2449 3122; baseline 0 -20"><span class='ocrx_word' id='word_1_284' title='bbox 537 3041 817 3114; x_wconf 70' lang='lat' dir='ltr'><strong>Primum,</strong></span> <span class='ocrx_word' id='word_1_285' title='bbox 845 3042 981 3102; x_wconf 72' lang='lat' dir='ltr'><strong>cum</strong></span> <span class='ocrx_word' id='word_1_286' title='bbox 1010 3046 1208 3102; x_wconf 85' lang='lat' dir='ltr'><strong>Caesar</strong></span> <span class='ocrx_word' id='word_1_287' title='bbox 1233 3046 1599 3117; x_wconf 87' lang='lat' dir='ltr'><strong>ostendisset,</strong></span> <span class='ocrx_word' id='word_1_288' title='bbox 1628 3066 1711 3117; x_wconf 86' lang='lat' dir='ltr'><strong>se,</strong></span> <span class='ocrx_word' id='word_1_289' title='bbox 1739 3046 2070 3122; x_wconf 83' lang='lat' dir='ltr'><strong>priusquam</strong></span> <span class='ocrx_word' id='word_1_290' title='bbox 2113 3045 2449 3121; x_wconf 76' lang='lat' dir='ltr'><strong>proficisce-</strong></span> 
     </span>
    </p>

    <p class='ocr_par' dir='ltr' id='par_1_12' title="bbox 348 3117 2448 3513">
     <span class='ocr_line' id='line_1_36' title="bbox 348 3117 2448 3201; baseline 0 -21"><span class='ocrx_word' id='word_1_291' title='bbox 348 3117 429 3191; x_wconf 45' lang='grc' dir='ltr'><strong><em>ἃ</em></strong></span> <span class='ocrx_word' id='word_1_292' title='bbox 457 3131 633 3193; x_wconf 83' lang='lat' dir='ltr'><strong>tetur,</strong></span> <span class='ocrx_word' id='word_1_293' title='bbox 683 3122 1042 3181; x_wconf 86' lang='lat' dir='ltr'><strong>Dolabellam</strong></span> <span class='ocrx_word' id='word_1_294' title='bbox 1089 3125 1387 3182; x_wconf 89' lang='lat' dir='ltr'><strong>consulem</strong></span> <span class='ocrx_word' id='word_1_295' title='bbox 1443 3145 1569 3182; x_wconf 89' lang='lat' dir='ltr'><strong>esse</strong></span> <span class='ocrx_word' id='word_1_296' title='bbox 1605 3125 1938 3201; x_wconf 89' lang='lat' dir='ltr'><strong>jussurum;</strong></span> <span class='ocrx_word' id='word_1_297' title='bbox 1983 3123 2182 3199; x_wconf 87' lang='lat' dir='ltr'><strong>(quem</strong></span> <span class='ocrx_word' id='word_1_298' title='bbox 2228 3136 2448 3201; x_wconf 85' lang='lat' dir='ltr'><strong>negant</strong></span> 
     </span>
     <span class='ocr_line' id='line_1_37' title="bbox 456 3201 2443 3281; baseline -0.002 -18"><span class='ocrx_word' id='word_1_299' title='bbox 456 3218 674 3276; x_wconf 65' lang='lat' dir='ltr'><strong>legem,</strong></span> <span class='ocrx_word' id='word_1_300' title='bbox 728 3201 823 3275; x_wconf 86' lang='lat' dir='ltr'><strong>qui</strong></span> <span class='ocrx_word' id='word_1_301' title='bbox 867 3213 925 3258; x_wconf 90' lang='lat' dir='ltr'><strong>et</strong></span> <span class='ocrx_word' id='word_1_302' title='bbox 967 3203 1182 3261; x_wconf 82' lang='lat' dir='ltr'><strong>faceret</strong></span> <span class='ocrx_word' id='word_1_303' title='bbox 1237 3223 1462 3280; x_wconf 88' lang='lat' dir='ltr'><strong>semper</strong></span> <span class='ocrx_word' id='word_1_304' title='bbox 1502 3204 1783 3279; x_wconf 88' lang='lat' dir='ltr'><strong>ejusmodi</strong></span> <span class='ocrx_word' id='word_1_305' title='bbox 1826 3203 2059 3277; x_wconf 86' lang='lat' dir='ltr'><strong>aliquid,</strong></span> <span class='ocrx_word' id='word_1_306' title='bbox 2090 3215 2149 3260; x_wconf 91' lang='lat' dir='ltr'><strong>et</strong></span> <span class='ocrx_word' id='word_1_307' title='bbox 2191 3203 2443 3281; x_wconf 82' lang='lat' dir='ltr'><strong>diceret)</strong></span> 
     </span>
     <span class='ocr_line' id='line_1_38' title="bbox 458 3276 2448 3358; baseline 0.002 -21"><span class='ocrx_word' id='word_1_308' title='bbox 458 3279 563 3337; x_wconf 62' lang='lat' dir='ltr'><strong>sed-</strong></span> <span class='ocrx_word' id='word_1_309' title='bbox 601 3276 736 3335; x_wconf 68' lang='grc' dir='ltr'><strong>οὔτι]</strong></span> <span class='ocrx_word' id='word_1_310' title='bbox 779 3278 975 3336; x_wconf 84' lang='lat' dir='ltr'><strong>Caesar</strong></span> <span class='ocrx_word' id='word_1_311' title='bbox 1018 3281 1095 3338; x_wconf 90' lang='lat' dir='ltr'><strong>ita</strong></span> <span class='ocrx_word' id='word_1_312' title='bbox 1138 3282 1412 3351; x_wconf 82' lang='lat' dir='ltr'><strong>dixisset3</strong></span> <span class='ocrx_word' id='word_1_313' title='bbox 1481 3293 1599 3339; x_wconf 87' lang='lat' dir='ltr'><strong>tum</strong></span> <span class='ocrx_word' id='word_1_314' title='bbox 1642 3283 1737 3340; x_wconf 90' lang='lat' dir='ltr'><strong>hic</strong></span> <span class='ocrx_word' id='word_1_315' title='bbox 1780 3282 1964 3339; x_wconf 90' lang='lat' dir='ltr'><strong>bonus</strong></span> <span class='ocrx_word' id='word_1_316' title='bbox 2014 3301 2218 3358; x_wconf 87' lang='lat' dir='ltr'><strong>augur,</strong></span> <span class='ocrx_word' id='word_1_317' title='bbox 2261 3302 2334 3340; x_wconf 90' lang='lat' dir='ltr'><strong>eo</strong></span> <span class='ocrx_word' id='word_1_318' title='bbox 2384 3302 2448 3341; x_wconf 82' lang='lat' dir='ltr'><strong>se</strong></span> 
     </span>
     <span class='ocr_line' id='line_1_39' title="bbox 456 3357 2447 3437; baseline 0 -20"><span class='ocrx_word' id='word_1_319' title='bbox 456 3357 779 3417; x_wconf 69' lang='lat' dir='ltr'><strong>sacerdotio</strong></span> <span class='ocrx_word' id='word_1_320' title='bbox 804 3358 1103 3432; x_wconf 61' lang='lat' dir='ltr'><strong>praeditum</strong></span> <span class='ocrx_word' id='word_1_321' title='bbox 1147 3379 1274 3417; x_wconf 90' lang='lat' dir='ltr'><strong>esse</strong></span> <span class='ocrx_word' id='word_1_322' title='bbox 1316 3360 1481 3430; x_wconf 87' lang='lat' dir='ltr'><strong>dixit,</strong></span> <span class='ocrx_word' id='word_1_323' title='bbox 1510 3371 1573 3418; x_wconf 88' lang='lat' dir='ltr'><strong>ut</strong></span> <span class='ocrx_word' id='word_1_324' title='bbox 1614 3360 1848 3418; x_wconf 88' lang='lat' dir='ltr'><strong>comitia</strong></span> <span class='ocrx_word' id='word_1_325' title='bbox 1890 3361 2163 3437; x_wconf 88' lang='lat' dir='ltr'><strong>auspiciis</strong></span> <span class='ocrx_word' id='word_1_326' title='bbox 2207 3362 2296 3419; x_wconf 87' lang='lat' dir='ltr'><strong>vel</strong></span> <span class='ocrx_word' id='word_1_327' title='bbox 2342 3362 2447 3417; x_wconf 86' lang='lat' dir='ltr'><strong>im-</strong></span> 
     </span>
     <span class='ocr_line' id='line_1_40' title="bbox 456 3435 2446 3513; baseline 0.003 -22"><span class='ocrx_word' id='word_1_328' title='bbox 456 3435 655 3508; x_wconf 78' lang='lat' dir='ltr'><strong>pedire</strong></span> <span class='ocrx_word' id='word_1_329' title='bbox 683 3435 769 3492; x_wconf 90' lang='lat' dir='ltr'><strong>vel</strong></span> <span class='ocrx_word' id='word_1_330' title='bbox 799 3435 999 3492; x_wconf 84' lang='lat' dir='ltr'><strong>vitiare</strong></span> <span class='ocrx_word' id='word_1_331' title='bbox 1027 3450 1259 3510; x_wconf 85' lang='lat' dir='ltr'><strong>posset:</strong></span> <span class='ocrx_word' id='word_1_332' title='bbox 1305 3439 1475 3513; x_wconf 90' lang='lat' dir='ltr'><strong>idque</strong></span> <span class='ocrx_word' id='word_1_333' title='bbox 1504 3458 1565 3496; x_wconf 90' lang='lat' dir='ltr'><strong>se</strong></span> <span class='ocrx_word' id='word_1_334' title='bbox 1609 3439 1895 3496; x_wconf 83' lang='lat' dir='ltr'><strong>facturum</strong></span> <span class='ocrx_word' id='word_1_335' title='bbox 1922 3459 2049 3496; x_wconf 88' lang='lat' dir='ltr'><strong>esse</strong></span> <span class='ocrx_word' id='word_1_336' title='bbox 2079 3440 2446 3497; x_wconf 79' lang='lat' dir='ltr'><strong>asseveravit.</strong></span> 
     </span>
    </p>

    <p class='ocr_par' dir='ltr' id='par_1_13' title="bbox 351 3508 2452 3907">
     <span class='ocr_line' id='line_1_41' title="bbox 351 3508 2450 3594; baseline 0.003 -26"><span class='ocrx_word' id='word_1_337' title='bbox 351 3509 427 3577; x_wconf 55' lang='lat' dir='ltr'>st</span> <span class='ocrx_word' id='word_1_338' title='bbox 458 3511 531 3569; x_wconf 91' lang='lat' dir='ltr'><strong>In</strong></span> <span class='ocrx_word' id='word_1_339' title='bbox 585 3533 698 3588; x_wconf 88' lang='lat' dir='ltr'><strong>quo</strong></span> <span class='ocrx_word' id='word_1_340' title='bbox 745 3512 993 3589; x_wconf 73' lang='lat' dir='ltr'><strong>primurn</strong></span> <span class='ocrx_word' id='word_1_341' title='bbox 1037 3514 1435 3573; x_wconf 88' lang='lat' dir='ltr'><strong>incredibilem</strong></span> <span class='ocrx_word' id='word_1_342' title='bbox 1463 3508 1868 3592; x_wconf 69' lang='lat' dir='ltr'><strong>&#39;stupiditatem</strong></span> <span class='ocrx_word' id='word_1_343' title='bbox 1913 3517 2161 3575; x_wconf 87' lang='lat' dir='ltr'><strong>hominis</strong></span> <span class='ocrx_word' id='word_1_344' title='bbox 2203 3536 2450 3594; x_wconf 88' lang='lat' dir='ltr'><strong>cognos-</strong></span> 
     </span>
     <span class='ocr_line' id='line_1_42' title="bbox 458 3591 2447 3672; baseline 0.001 -21"><span class='ocrx_word' id='word_1_345' title='bbox 458 3591 590 3651; x_wconf 72' lang='lat' dir='ltr'><strong>cite.</strong></span> <span class='ocrx_word' id='word_1_346' title='bbox 673 3591 839 3653; x_wconf 80' lang='lat' dir='ltr'><strong>Quid</strong></span> <span class='ocrx_word' id='word_1_347' title='bbox 895 3593 1099 3651; x_wconf 65' lang='lat' dir='ltr'><strong>enim!</strong></span> <span class='ocrx_word' id='word_1_348' title='bbox 1170 3594 1341 3665; x_wconf 83' lang='lat' dir='ltr'><strong>istuc,</strong></span> <span class='ocrx_word' id='word_1_349' title='bbox 1395 3596 1545 3672; x_wconf 90' lang='lat' dir='ltr'><strong>quod</strong></span> <span class='ocrx_word' id='word_1_350' title='bbox 1597 3606 1652 3652; x_wconf 86' lang='lat' dir='ltr'><strong>te</strong></span> <span class='ocrx_word' id='word_1_351' title='bbox 1716 3596 2025 3653; x_wconf 85' lang='lat' dir='ltr'><strong>sacerdotii</strong></span> <span class='ocrx_word' id='word_1_352' title='bbox 2078 3595 2210 3672; x_wconf 87' lang='lat' dir='ltr'><strong>jure</strong></span> <span class='ocrx_word' id='word_1_353' title='bbox 2252 3596 2447 3653; x_wconf 82' lang='lat' dir='ltr'><strong>faeere</strong></span> 
     </span>
     <span class='ocr_line' id='line_1_43' title="bbox 455 3671 2450 3748; baseline 0.003 -22"><span class='ocrx_word' id='word_1_354' title='bbox 455 3687 623 3741; x_wconf 78' lang='lat' dir='ltr'><strong>posse</strong></span> <span class='ocrx_word' id='word_1_355' title='bbox 663 3671 876 3741; x_wconf 82' lang='lat' dir='ltr'><strong>dixisti,</strong></span> <span class='ocrx_word' id='word_1_356' title='bbox 906 3672 955 3728; x_wconf 85' lang='lat' dir='ltr'><strong>si</strong></span> <span class='ocrx_word' id='word_1_357' title='bbox 997 3692 1177 3748; x_wconf 87' lang='lat' dir='ltr'><strong>augur</strong></span> <span class='ocrx_word' id='word_1_358' title='bbox 1205 3692 1321 3730; x_wconf 92' lang='lat' dir='ltr'><strong>non</strong></span> <span class='ocrx_word' id='word_1_359' title='bbox 1351 3693 1527 3744; x_wconf 75' lang='lat' dir='ltr'><strong>esseS,</strong></span> <span class='ocrx_word' id='word_1_360' title='bbox 1558 3685 1617 3731; x_wconf 86' lang='lat' dir='ltr'><strong>et</strong></span> <span class='ocrx_word' id='word_1_361' title='bbox 1663 3676 1863 3732; x_wconf 85' lang='lat' dir='ltr'><strong>consul</strong></span> <span class='ocrx_word' id='word_1_362' title='bbox 1911 3694 2088 3745; x_wconf 89' lang='lat' dir='ltr'><strong>esses,</strong></span> <span class='ocrx_word' id='word_1_363' title='bbox 2121 3672 2318 3731; x_wconf 66' lang='lat' dir='ltr'><strong>minus</strong></span> <span class='ocrx_word' id='word_1_364' title='bbox 2367 3674 2450 3732; x_wconf 82' lang='lat' dir='ltr'><strong>fa-</strong></span> 
     </span>
     <span class='ocr_line' id='line_1_44' title="bbox 457 3748 2452 3830; baseline 0.004 -29"><span class='ocrx_word' id='word_1_365' title='bbox 457 3763 592 3830; x_wconf 67' lang='lat' dir='ltr'><strong>eere</strong></span> <span class='ocrx_word' id='word_1_366' title='bbox 620 3748 946 3819; x_wconf 67' lang='lat' dir='ltr'><strong>potuisses?</strong></span> <span class='ocrx_word' id='word_1_367' title='bbox 1029 3751 1199 3819; x_wconf 89' lang='lat' dir='ltr'><strong>Vide,</strong></span> <span class='ocrx_word' id='word_1_368' title='bbox 1230 3770 1305 3806; x_wconf 89' lang='lat' dir='ltr'><strong>ne</strong></span> <span class='ocrx_word' id='word_1_369' title='bbox 1333 3752 1507 3808; x_wconf 88' lang='lat' dir='ltr'><strong>etiam</strong></span> <span class='ocrx_word' id='word_1_370' title='bbox 1541 3749 1805 3809; x_wconf 66' lang='lat' dir='ltr'><strong>facilius:</strong></span> <span class='ocrx_word' id='word_1_371' title='bbox 1877 3772 1984 3808; x_wconf 89' lang='lat' dir='ltr'><strong>nos</strong></span> <span class='ocrx_word' id='word_1_372' title='bbox 2008 3752 2168 3809; x_wconf 86' lang='lat' dir='ltr'><strong>enim</strong></span> <span class='ocrx_word' id='word_1_373' title='bbox 2219 3752 2452 3809; x_wconf 87' lang='lat' dir='ltr'><strong>nuntia·-</strong></span> 
     </span>
     <span class='ocr_line' id='line_1_45' title="bbox 456 3823 2452 3907; baseline 0.005 -28"><span class='ocrx_word' id='word_1_374' title='bbox 456 3835 673 3898; x_wconf 76' lang='lat' dir='ltr'><strong>uonem</strong></span> <span class='ocrx_word' id='word_1_375' title='bbox 726 3823 909 3882; x_wconf 71' lang='lat' dir='ltr'><strong>solum</strong></span> <span class='ocrx_word' id='word_1_376' title='bbox 970 3827 1278 3896; x_wconf 86' lang='lat' dir='ltr'><strong>habemus;</strong></span> <span class='ocrx_word' id='word_1_377' title='bbox 1350 3830 1620 3887; x_wconf 82' lang='lat' dir='ltr'><strong>consules</strong></span> <span class='ocrx_word' id='word_1_378' title='bbox 1679 3839 1739 3887; x_wconf 87' lang='lat' dir='ltr'><strong>et</strong></span> <span class='ocrx_word' id='word_1_379' title='bbox 1809 3830 2009 3905; x_wconf 89' lang='lat' dir='ltr'><strong>reliqui</strong></span> <span class='ocrx_word' id='word_1_380' title='bbox 2074 3830 2452 3907; x_wconf 83' lang='lat' dir='ltr'><strong>magistratus</strong></span> 
     </span>
    </p>
   </div>
  </div>
 </body>
</html>
