2667 4242
18 2358 173 2433 jis]

1780 182 1787 227 Ι

374 280 457 340 a
910 278 1185 330 ORATIO
1227 279 1325 329 111.
1370 222 1448 329 113
1491 279 1554 330 L.
1600 279 2026 359 CATILINAM.

270 1802 369 1843 -†-—..

308 1858 319 1891 l

480 421 573 480 tis.
655 419 809 479 Illud
836 419 971 481 vero
998 441 1190 482 nonne
1217 422 1299 483 ita
1321 441 1574 500 praesens
1607 434 1719 496 est,
1747 434 1812 482 ut
1857 434 2001 484 nutu
2028 423 2190 482 Jovis
2230 423 2461 501 Optimi

481 499 726 558 Maximi
772 501 987 559 factum
1034 498 1163 560 ess'e
1204 500 1486 572 videatur,
1514 512 1598 574 ut,
1627 500 1785 574 cum,
1813 503 2090 562 hodierno
2130 503 2229 561 die
2256 501 2460 575 mane,

478 586 580 655 pei·
609 579 791 637 forum
820 598 950 638 meo
970 580 1134 657 jussu
1161 589 1219 638 et
1247 580 1551 656 conjurati,
1580 591 1639 639 et
1679 600 1878 639 eorum
1907 581 2149 653 indices,
2179 582 2239 640 in
2268 583 2458 639 oedem

479 658 819 716 Concordiae
848 659 1217 729 ducerentur,
1244 677 1315 717 eo
1343 660 1465 735 ipso
1505 670 1758 736 tempore
1801 660 2031 737 signum
2058 671 2409 718 statueretur
2428 661 2456 716 ‘l

411 740 449 793 5
478 755 593 811 quo
619 737 917 808 collocato,
962 748 1133 813 atque
1176 736 1249 794 ad
1275 755 1376 794 vos
1417 748 1796 812 senatumque
1837 757 2131 810 converso,
2157 739 2356 797 omnia
2392 747 2458 796 et

476 827 731 886 senatus,
758 826 818 873 et
843 835 961 887 vos,
989 835 1117 890 quae
1158 825 1322 873 erant
1349 825 1549 874 contra
1587 815 1834 875 salutem
1874 817 2132 875 omnium
2175 817 2454 894 cogitata,

478 892 763 951 illustrata
785 904 844 951 et
868 894 1158 970 patefacta
1185 892 1421 959 vidistis.
2451 922 2476 929 -

2575 914 2618 925 φ.

2441 934 2456 945 ο
2499 926 2560 961 ᾑζ
2649 936 2655 945 n

554 971 695 1033 Quo
720 973 895 1029 etiam
922 972 1135 1049 majore
1174 983 1307 1030 sunt
1355 972 1449 1030 isti
1493 972 1628 1031 odio
1678 971 2071 1053 supplicioque
2167 973 2179 984 '
2266 973 2306 1045 i,
2349 974 2454 1048 qui
2581 1032 2586 1035 Α

478 1069 590 1108 non
620 1048 805 1108 solum
830 1051 1032 1108 vestris
1059 1051 1367 1110 domiciliis
1406 1061 1578 1126 atque
1604 1051 1793 1122 tectis,
1821 1051 1923 1109 sed
1969 1051 2144 1109 etiam

385 1131 450 1185 10
477 1128 704 1205 templis
732 1139 903 1204 atque
928 1129 1200 1200 delubria,
1228 1139 1363 1188 sunt
1404 1129 1657 1187 funestos
1700 1148 1771 1188 ac
1798 1130 2046 1188 nefarios
2085 1130 2251 1207 ignes
2277 1131 2455 1189 infer-

477 1225 542 1265 re
570 1208 795 1266 conati:
837 1208 1047 1282 quibus
1072 1226 1182 1286 ego
1211 1208 1261 1266 si
1303 1226 1398 1265 me
1440 1209 1715 1266 restitisse
1757 1208 1970 1279 dicam,
2013 1209 2257 1267 nimium
2300 1210 2450 1267 mihi

456 1294 721 1358 cumam,
750 1296 809 1345 et
835 1306 949 1344 non
996 1287 1105 1345 sim
1149 1286 1451 1345 ferendus:
1494 1287 1611 1357 ille,
1657 1287 1754 1345 ille
1795 1278 2049 1363 Jupiter*
2064 1288 2305 1346 restitit:
2349 1289 2452 1347 ille

478 1363 846 1440 Capitolium,
876 1365 972 1423 ille
1000 1367 1125 1423 haec
1151 1366 1383 1441 templa,
1413 1365 1508 1423 ille
1536 1366 1689 1423 hanc
1732 1366 1953 1436 urbem,
1984 1365 2080 1423 ille
2123 1384 2221 1424 vos
2243 1386 2452 1425 omnes

479 1443 662 1501 salvos
688 1463 815 1500 esse
841 1444 1032 1502 voluit.
1116 1443 1245 1501 Diis
1261 1463 1371 1521 ego
1399 1444 1813 1502 immortalibus
1832 1444 2079 1501 ducibus
2106 1445 2259 1503 hanc
2286 1464 2451 1502 meu-

383 1534 450 1587 15
480 1530 616 1591 tem,
651 1520 936 1592 Quirites,
980 1522 1442 1596 voluntatemque
1484 1523 1732 1599 suscepi,
1783 1533 1953 1597 atque
2000 1524 2072 1580 ad
2115 1524 2242 1582 haec
2284 1534 2451 1582 tanta
2529 1552 2542 1561 ·

484 1599 699 1657 'ndicia
722 1601 971 1675 perveni.
1053 1600 1088 1657 J
1096 1620 1186 1657 am
1214 1600 1350 1659 vero
1381 1601 1479 1659 illa
1506 1602 1879 1678 Allobrogum
1910 1602 2253 1674 sollicitatio,
2283 1604 2370 1661 sic
2411 1621 2451 1661 a

478 1619 726 1735 {aemulo
772 1679 1106 1753 caeterisque
1146 1680 1477 1737 domesticis
1523 1681 1799 1751 hostibuS,
1846 1689 2008 1738 tanta
2052 1700 2163 1752 rea,
2190 1690 2310 1738 tam
2350 1682 2451 1738 de-

478 1768 698 1815 menter
726 1758 947 1815 credita
991 1767 1051 1815 et
1105 1758 1311 1834 ignotis
1358 1768 1417 1816 et
1462 1754 1739 1829 barbarie,
1789 1759 2220 1833 commissaeque
2266 1759 2450 1819 literae

424 1808 432 1859 ι
477 1855 772 1910 nunquam
800 1847 991 1893 essent
1014 1835 1292 1912 profecto,
1313 1838 1424 1895 nisi
1456 1856 1489 1894 a
1515 1837 1645 1895 Diis
1667 1838 2080 1896 immortalibus
2107 1838 2245 1896 huic
2271 1848 2449 1897 tantae

377 1922 449 1977 20
480 1915 737 1986 audaciae
766 1915 1066 1973 consilium
1096 1924 1246 1972 esset
1271 1926 1547 1992 ereptum.
1626 1916 1794 1978 Quid
1835 1916 2015 1974 vero?
2076 1927 2138 1974 ut
2186 1919 2451 1977 homines

477 1993 652 2064 Galli,
681 2013 750 2051 ex
778 1994 1009 2052 civitate
1039 1992 1187 2051 male
1216 1994 1442 2070 pacata,
1474 1994 1629 2071 (quae
1657 2015 1800 2073 gens
1827 2014 1944 2053 una
1975 2006 2170 2067 restat,
2200 2015 2326 2072 quae
2352 2016 2451 2072 po-

475 2072 610 2149 pulo
637 2073 905 2131 Romano
927 2073 1144 2130 bellum
1175 2073 1366 2131 facere
1397 2085 1456 2131 et
1496 2094 1660 2150 posse
1702 2085 1760 2131 et
1802 2094 1918 2132 non
1959 2074 2110 2132 nolle
2154 2075 2444 2154 videatur)

476 2171 631 2228 spem
662 2152 885 2230 imperii
913 2164 970 2210 et
997 2171 1188 2210 rerum
1237 2153 1711 2230 amplissimarum
1759 2154 1910 2211 ultro
1954 2153 2063 2211 sibi
2111 2172 2146 2210 a
2187 2154 2450 2229 patriciis

477 2231 802 2290 hominibus
827 2233 1077 2290 oblatam
1103 2231 1483 2309 negligerent,
1512 2242 1872 2307 vestramque
1913 2233 2156 2289 salutem
2184 2233 2304 2289 suis
2327 2233 2449 2309 opi-

374 2312 447 2369 25
477 2310 583 2374 bus
612 2321 1049 2386 anteponerent3
1094 2310 1153 2368 id
1180 2330 1293 2369 non
1321 2311 1595 2369 divinitus
1623 2310 1838 2368 factum
1860 2330 1986 2369 esse
2012 2312 2262 2387 putatis?
2304 2331 2450 2388 prae-

474 2389 670 2445 sertim
699 2389 797 2464 qui
824 2408 948 2460 nos,
976 2409 1090 2446 non
1117 2390 1444 2465 pugnando,
1474 2390 1575 2446 sed
1622 2390 1886 2462 tacendo,
1935 2410 2203 2466 superare
2248 2401 2450 2467 potue-

473 2467 645 2523 runt?

552 2544 630 2601 X.
670 2543 1087 2615 Quamobrem,
1128 2544 1415 2617 Quirites,
1460 2546 1728 2620 quoniam
1775 2548 1846 2604 ad
1889 2546 2084 2605 omnia
2123 2548 2449 2623 pulvinaria

474 2623 813 2698 supplicatio
839 2623 1074 2680 decreta
1100 2634 1204 2695 est,
1235 2625 1581 2682 celebratote
1610 2626 1735 2683 illos
1774 2626 1899 2683 dies
1940 2645 2071 2683 cum
2102 2626 2449 2703 conjugibus

375 2703 448 2758 30
478 2720 547 2757 ac
573 2702 768 2758 liberis
788 2702 1003 2774 vestris,
1086 2701 1240 2759 Nam
1262 2703 1425 2761 multi
1448 2723 1597 2779 saepe
1614 2705 1855 2762 honores
1873 2704 2002 2761 Diis
2029 2705 2449 2767 immortalibus

485 2780 623 2855 justi
656 2779 833 2837 habiti
861 2790 994 2838 sunt
1022 2798 1092 2838 ac
1139 2782 1339 2852 debiti,
1368 2783 1470 2840 sed
1516 2781 1771 2858 profecto
1813 2783 2081 2859 justiores
2126 2804 2444 2859 nunquam.

476 2834 674 2934 &septi
703 2859 856 2916 enim
898 2878 968 2916 ex
996 2860 1392 2918 crudelissimo
1434 2879 1505 2918 ac
1536 2861 1855 2918 miserrimo
1881 2860 2135 2933 interitu,
2164 2873 2223 2919 et
2262 2864 2447 2939 erepti

474 2937 601 2993 sine
629 2938 807 3008 coede,
836 2937 962 2995 sine
989 2939 1288 3016 sanguine,
1318 2939 1443 3012 sine
1470 2940 1749 3011 exercitu,
1776 2940 1901 2998 sine
1942 2940 2331 3012 dimicatione,
2362 2955 2449 3000 to-

476 3016 616 3091 gati,
645 3036 738 3075 me
767 3036 882 3074 uno
907 3027 1100 3094 togato
1126 3019 1275 3075 duce
1302 3028 1362 3075 et
1390 3017 1746 3093 imperatore,
1774 3019 2009 3079 vicistis.
2093 3019 2325 3077 Etenim
2356 3041 2448 3078 re-

375 3093 446 3148 35
477 3096 813 3167 cordamini‚
841 3095 1126 3167 Quirites,
1155 3116 1356 3154 omnes
1384 3096 1582 3153 civiles
1609 3097 2010 3168 dissensiones,
2040 3117 2227 3173 neque
2255 3097 2445 3175 solum

402 3234 409 3237 ,
475 3192 574 3230 eas
601 3194 742 3249 quas
771 3173 1027 3246 audistis,
1051 3176 1150 3232 sed
1178 3187 1235 3232 et
1264 3175 1367 3232 has
1389 3193 1529 3249 quas
1549 3187 1765 3234 vosmet
1786 3175 1892 3253 ipsi
1919 3176 2262 3234 meministis.
2287 3189 2344 3235 et
2367 3178 2448 3235 vi-

474 3253 653 3311 distis,
738 3254 803 3311 L.
837 3253 1000 3310 Sulla
1045 3254 1108 3311 P.
1141 3254 1464 3329 Sulpicium
1509 3255 1819 3330 oppressit3
1862 3274 1934 3312 ex
1977 3255 2122 3312 urbe
2167 3256 2340 3331 ejecit
2371 3258 2441 3315 C.

473 3329 748 3402 Marium,
777 3333 1069 3389 custodem
1095 3332 1262 3408 hujus
1289 3332 1482 3401 urbis;
1527 3333 1845 3407 multosque
1870 3334 2040 3390 fortes
2059 3333 2208 3391 viros
2233 3337 2444 3410 partim

473 3411 643 3486 ejecit
664 3430 734 3468 ex
761 3410 1012 3479 civitate,
1033 3411 1238 3486 partim
1269 3411 1572 3468 interemit.
1658 3412 1765 3468 Cn.
1788 3411 2090 3482 Octavius,
2113 3413 2331 3485 consul,
2356 3433 2446 3470 ar-

374 3485 445 3539 40
473 3489 581 3545 mis
609 3509 677 3557 ex
706 3490 862 3547 Urbe
891 3489 1170 3566 collegam
1198 3508 1362 3546 suum
1393 3491 1639 3564 expulit:
1680 3491 1867 3548 omnis
1896 3491 1992 3547 hic
2031 3491 2193 3548 locus
2222 3493 2412 3549 acervi

473 3585 767 3642 corporum
797 3579 854 3626 et
883 3568 1092 3625 civium
1136 3568 1418 3644 sanguine
1465 3569 1819 3627 redundavit.
1904 3570 2206 3644 Superavit
2245 3580 2368 3646 post

471 3645 665 3702 Cinna
693 3666 826 3703 cum
857 3646 1060 3704 Mario,
1143 3646 1300 3704 Tum
1351 3644 1507 3717 vero,
1537 3647 1871 3704 clarissimis
1917 3648 2053 3704 viris
2101 3649 2439 3721 intersectiS,

471 3723 691 3780 lumina
744 3726 992 3781 civitatis
1037 3725 1319 3782 exstincta
1362 3732 1510 3781 sunt.
1611 3725 1780 3782 Ultus
1826 3736 1914 3782 est
1967 3727 2135 3802 hujus
2188 3728 2441 3786 victoria}

471 3800 869 3857 crudelitatem
895 3813 1091 3878 postea
1118 3802 1311 3871 Sulla3
1354 3821 1466 3859 nec
1493 3801 1613 3859 dici
1640 3803 1871 3876 quidem
1910 3814 2051 3879 opus
2091 3815 2196 3877 est,
2225 3807 2442 3880 quanta

2205 3938 2222 3965 ‚,

707 4063 740 4085 q

721 4091 777 4127 ι).

735 4126 780 4147 Q
