2667 4242
373 294 455 353 ω
641 276 651 285 ’
898 285 1170 336 ORATIO
1214 285 1353 335 PRO
1396 284 1591 335 LEGE
1635 284 1965 335 MANlmA.

472 429 633 489 vobis
672 429 895 506 imperii
934 429 1173 506 gloriam
1201 429 1561 504 relinquere3
1603 428 1691 487 sic
1716 429 1877 487 vobis
1915 426 2308 505 turpissimum
2349 426 2460 499 sit,

473 509 636 580 illud,
663 509 813 584 quod
841 509 1164 583 accepistis,
1192 509 1340 566 tueri
1368 520 1427 566 et
1453 527 1790 566 conservare
1817 527 1932 565 non
1958 526 2136 583 posse.

549 588 736 658 Quid,
764 585 918 662 quod
958 588 1113 644 salus
1153 587 1437 644 sociorum
1464 604 1752 643 summum
1788 586 1848 643 in
1885 585 2204 662 periculum
2233 603 2305 642 ac
2331 584 2460 641 dis·

473 666 694 724 crimen
725 666 999 724 vocatur'l
1059 664 1273 742 Regno
1298 665 1566 741 expulsus
1605 675 1692 722 est
1732 665 2180 734 AriobarzaneS,
2209 683 2329 734 rex,
2361 682 2459 721 so-

407 756 444 809 5
475 746 601 803 cius
638 745 828 820 populi
868 743 1120 801 Romani
1163 753 1332 819 atque
1374 744 1627 802 amicus:
1670 743 1971 801 imminent
2006 743 2121 800 duo
2146 761 2314 818 reges
2340 742 2457 800 toti

473 823 653 893 Asiae,
681 842 797 880 non
835 821 1020 879 solum
1060 822 1218 880 vobis
1258 822 1663 892 inimicissimi,
1690 823 1791 879 sed
1831 822 2006 879 etiam
2042 821 2243 878 vestris
2270 821 2458 878 sociis

474 913 643 977 atque
672 901 907 958 amicis:
949 900 1211 959 civitates
1231 910 1425 958 autem
1449 919 1668 972 omnes,
1691 910 1904 958 cuncta
1931 900 2076 957 Asia
2097 909 2266 973 atque
2286 900 2459 956 Grae-

473 980 586 1051 cia,
623 990 873 1036 vestrum
913 978 1189 1036 auxilium
1229 989 1578 1055 exspectare,
1614 988 1838 1056 propter
1875 978 2119 1055 periculi
2159 979 2459 1053 magnitu-

473 1058 689 1128 dinem,
731 1068 1051 1133 coguntur:
1107 1056 1506 1133 imperatorem
1547 1076 1584 1115 a
1622 1058 1782 1117 vobis
1834 1068 2057 1115 certum
2110 1056 2453 1132 deposcere,

374 1143 444 1198 10
473 1135 609 1194 cum
635 1137 947 1212 praesertim
986 1155 1084 1193 vos
1125 1136 1303 1193 alium
1343 1136 1631 1207 miserim,
1660 1154 1848 1210 neque
1889 1135 2122 1205 audent,
2150 1154 2339 1209 neque
2385 1135 2450 1192 id

471 1234 534 1273 se
564 1215 754 1273 facere
781 1233 1003 1273 summo
1028 1215 1154 1272 sine
1181 1215 1437 1290 periculo
1461 1233 1626 1290 posse
1656 1215 2017 1271 arbitrantur.

550 1294 768 1351 Vident
806 1303 866 1351 et
904 1294 1156 1351 sentiunt
1199 1294 1307 1351 hoc
1349 1293 1521 1363 idem,
1550 1294 1701 1368 quod
1729 1312 1844 1363 vos,
1875 1310 2052 1350 unum
2080 1292 2265 1349 virum
2292 1311 2453 1363 esse,

471 1371 533 1429 in
554 1391 667 1447 quo
686 1391 909 1429 summa
928 1372 1042 1429 sint
1060 1372 1274 1442 omnia,
1297 1381 1356 1428 et
1381 1390 1513 1429 eum
1541 1371 1713 1448 prope
1736 1391 1861 1428 esse
1885 1370 2024 1446 (quo
2042 1371 2217 1428 etiam
2239 1380 2456 1428 carent

521 1449 731 1529 grius),
773 1451 939 1526 cujus
981 1451 1226 1507 adventu
1269 1451 1391 1526 ipso
1444 1460 1614 1525 atque
1668 1450 1917 1520 nomine,
1959 1449 2186 1506 tametsi
2229 1449 2326 1507 ille
2369 1450 2456 1508 ad

140 1558 229 1601 ,μ
376 1531 444 1584 15
473 1529 821 1585 maritimum
851 1528 1071 1585 bellum
1093 1529 1330 1598 venerit,
1360 1539 1554 1586 tamen
1597 1529 1839 1604 impetus
1880 1527 2130 1585 hostium
2154 1532 2455 1622 represSos

471 1625 598 1664 esse
627 1606 953 1683 intelligunt
981 1625 1051 1664 ac
1079 1608 1411 1665 retardatos,
1497 1607 1578 1664 Hi
1605 1626 1722 1677 vos,
1751 1606 2019 1681 quoniam
2061 1605 2240 1663 libere
2282 1606 2454 1680 loqui

469 1704 584 1742 non
623 1685 781 1756 licet,
810 1684 986 1743 tacite
1029 1696 1248 1762 rogant,
1277 1696 1341 1743 ut
1381 1704 1444 1743 se
1484 1704 1729 1760 quoque,
1757 1685 1907 1742 sieut
1948 1695 2285 1742 caeterarum
2317 1704 2454 1760 pro-

470 1763 792 1821 vinciarum
819 1763 1022 1834 socios,
1051 1765 1256 1840 dignos
1281 1764 1638 1834 existimetis,
1660 1782 1899 1838 quorum
1921 1763 2166 1833 salutem
2190 1763 2293 1820 tali
2321 1764 2453 1822 viro

471 1842 917 1912 commendetis;
969 1853 1139 1917 atque
1181 1843 1291 1900 hoc
1329 1843 1507 1900 etiam
1547 1842 1732 1918 magis
1771 1840 1944 1916 quam
1985 1852 2240 1911 caeteros,
2282 1840 2452 1917 quod

370 1922 444 1975 m
471 1919 749 1995 ejusmodi
792 1921 851 1978 in
890 1920 1241 1995 provinciam
1281 1921 1541 1978 homines
1580 1939 1714 1978 cum
1752 1920 1988 1996 imperio
2028 1919 2327 1991 mittimus,
2355 1930 2448 1992 ut,

470 1998 697 2056 etiamsi
726 2000 798 2056 ab
827 2000 987 2057 hoste
1014 1998 1346 2069 defendant,
1375 2008 1568 2056 tamen
1598 1999 1844 2075 ipsorum
1874 1999 2151 2056 adventus
2177 1998 2235 2055 in
2265 1999 2451 2056 urbes

472 2077 758 2136 sociorum
812 2098 926 2136 non
986 2075 1230 2134 multum
1291 2077 1366 2134 ab
1427 2077 1614 2135 hostili
1674 2077 2093 2154 expugnatione
2150 2077 2447 2136 differant.

470 2155 650 2215 Hunc
679 2157 988 2215 audiebant
1017 2166 1203 2226 antea,
1232 2175 1392 2214 nunc
1419 2166 1755 2232 praesentem
1783 2157 1997 2227 vident,
2025 2155 2183 2213 tanta
2224 2166 2452 2233 tempe-

470 2236 678 2305 rantia,
706 2237 864 2294 tanta
893 2234 1355 2305 mansuetudine,
1377 2234 1537 2291 tanta
1565 2235 1939 2304 humanitate,
1963 2243 2026 2290 ut
2052 2234 2094 2291 ii
2123 2234 2450 2292 beatissimi

369 2314 443 2368 25
469 2333 596 2372 esse
624 2315 942 2384 videantur,
973 2314 1120 2390 apud
1151 2332 1292 2387 quos
1319 2313 1417 2370 ille
1446 2312 1765 2370 diutissime
1795 2323 2191 2371 commoratur.

548 2391 654 2448 VI.
721 2391 945 2461 Quare,
974 2392 1023 2448 si
1061 2402 1285 2466 propter
1325 2391 1529 2461 socios,
1565 2391 1725 2449 nulla
1765 2391 1870 2468 ipsi
1912 2392 2122 2468 injuria
2161 2392 2446 2464 lacessiti,

469 2469 714 2543 majores
755 2469 924 2526 vestri
977 2487 1112 2526 cum
1153 2469 1465 2540 Antiocho,
1508 2488 1642 2527 cum
1695 2469 1974 2546 Philippo,
2017 2489 2151 2528 cum
2208 2470 2445 2543 AEtolis‚

470 2565 605 2603 cum
663 2548 855 2604 Poenis
908 2547 1060 2604 bella
1111 2557 1445 2623 gesserunt;
1507 2558 1720 2622 quanto
1770 2567 1869 2606 vos
1920 2550 2110 2607 studio
2149 2544 2464 2620 convenit,‘

472 2623 696 2699 injuriis
734 2635 1081 2700 provocatos,
1110 2625 1394 2683 sociorum
1436 2626 1678 2683 salutem
1707 2627 1824 2684 una
1851 2645 1985 2685 cum
1996 2626 2238 2703 amperii
2265 2629 2447 2686 vestri

369 2708 444 2764 30
472 2702 751 2778 dignitate
810 2703 1150 2774 defendere3
1210 2704 1524 2780 praesertim
1585 2703 1720 2762 cum
1780 2706 1854 2762 de
1912 2706 2115 2764 vestris
2174 2705 2445 2764 maximis

469 2782 846 2857 vectigalibus
888 2784 1120 2858 agatur!
1183 2782 1240 2840 N
1248 2802 1341 2840 am
1378 2794 1714 2841 caeterarum
1739 2783 2160 2860 provinciarum
2188 2784 2446 2859 vectiga-

469 2859 568 2929 lia,
595 2859 878 2930 Quirites,
906 2871 1066 2919 tanta
1092 2872 1244 2933 sunt,
1272 2871 1337 2918 ut
1378 2862 1468 2932 iis,
1499 2863 1572 2919 ad
1601 2862 1763 2938 'ipsas
1797 2862 2119 2938 provincias
2143 2864 2441 2934 tutandaS,

469 2938 564 2994 vix
604 2939 856 2996 contenti
896 2958 1021 2996 esse
1060 2940 1373 3015 possimus:
1430 2940 1574 2998 Asia
1604 2938 1739 2998 vero
1772 2952 1889 2998 tam
1916 2942 2106 3016 opima
2132 2951 2220 2998 est
2245 2950 2306 2997 et
2332 2941 2446 3000 fer-

470 3015 605 3086 tilis,
634 3026 697 3073 ut
736 3027 794 3074 et
833 3018 1091 3075 ubertate
1129 3036 1415 3094 agrorum,
1444 3027 1502 3075 et
1542 3019 1815 3076 varietate
1857 3019 2168 3090 fructuum,
2196 3029 2255 3076 et
2282 3038 2442 3096 mag-

370 3103 443 3157 35
471 3094 733 3152 nitudine
770 3096 1062 3171 pastionis»,
1104 3106 1160 3154 et
1201 3096 1567 3154 multitudine
1607 3116 1805 3154 earum
1845 3116 2036 3155 rerum
2076 3117 2201 3172 quae
2243 3116 2446 3173 expor-

469 3182 680 3244 tantur,
724 3173 895 3231 facile
935 3174 1201 3232 omnibus
1253 3174 1420 3232 terris
1463 3176 1784 3233 antecellat.
1867 3175 2073 3251 Itaque
2114 3177 2239 3234 haec
2279 3177 2444 3235 vobis

466 3252 780 3327 provincia,
805 3252 1090 3324 Quirites,
1118 3253 1168 3310 si
1195 3262 1253 3310 et
1280 3252 1417 3310 belli
1457 3253 1761 3311 utilitatem
1801 3265 1861 3311 et
1896 3255 2058 3331 pacis
2098 3254 2446 3331 dignitatem

469 3330 752 3389 sustinere
791 3331 979 3402 vultiS,
1016 3350 1130 3388 non
1170 3328 1340 3388 modo
1384 3349 1419 3388 a
1458 3331 1806 3405 calamitate,
1846 3334 1949 3391 sed
1987 3332 2164 3392 etiam
2205 3351 2241 3390 a
2280 3342 2444 3393 metu

470 3408 833 3480 calamitatiS‚
863 3420 950 3467 est
977 3409 1356 3466 defendenda.
2453 3418 2466 3427 ·

370 3492 442 3547 40
548 3485 725 3556 Nam,
749 3488 973 3545 caeteris
1001 3488 1059 3544 in
1088 3487 1279 3556 rebuS,
1304 3484 1439 3543 cum
1461 3487 1617 3545 venit
1644 3489 1960 3561 calamitas,
1981 3499 2102 3546 tum
2131 3489 2462 3561 detrimene-
2487 3536 2502 3547 .

469 3575 591 3622 tum
621 3566 900 3641 accipitur
926 3586 938 3623 :
983 3576 1059 3635 at,
1089 3564 1148 3621 in
1176 3564 1573 3640 vectigalibuS,
1602 3586 1715 3625 non
1744 3567 1926 3626 solum
1961 3570 2236 3625 adventus
2279 3560 2500 3641 malie}-

469 3643 570 3700 sed
600 3642 772 3700 etiam
795 3655 981 3700 metus
1002 3643 1142 3718 ipse,
1167 3642 1328 3699 affert
1357 3643 1761 3703 calamitatem.
1828 3645 2005 3717 Nam,
2030 3644 2165 3704 cum
2189 3649 2446 3709 hostium
2515 3672 2524 3681 ·

470 3720 648 3794 oopiae
675 3740 787 3777 non
815 3720 986 3796 longe
1018 3722 1242 3790 absunt,
1263 3721 1490 3780 etiamsi
1514 3723 1747 3796 irruptio
1775 3724 1928 3781 facta
1948 3725 2106 3781 nulla
2126 3727 2220 3796 sit,
2243 3736 2444 3789 tamen
2525 3732 2536 3743 “

468 3815 679 3873 pecora
716 3798 1150 3874 relinquuntur3
1195 3796 1552 3875 agricultura‘
1573 3799 1885 3872 deseritur3
1928 3813 2312 3862 mercatorum
2335 3820 2550 3953 nanu-3
