2667 4242
759 302 1033 353 οιιΑΤιο
1079 303 1218 354 rao
1262 283 1701 364 Q.L1'‹}AR10.
1881 349 1904 366 ,
2232 310 2316 372 73

316 443 380 500 V.
449 443 579 523 Ego
617 441 753 504 vero
793 445 944 504 istud
986 466 1101 506 non
1139 447 1429 525 postulo,
1412 447 1832 525 mquies.1ta
1860 446 2208 541 (mehercle)

220 523 510 596 existimo,
539 511 813 583 Tubero:
854 527 986 583 novi
1028 527 1183 584 enim
1223 538 1313 597 te;
1356 528 1488 586 novi
1522 540 1775 605 patrem3
1818 528 1948 587 novi
1977 529 2214 591 domum

219 609 551 693 nomen'que
590 614 880 661 vestrum:
902 605 1115 663 studia
1155 606 1406 681 denique
1445 608 1675 684 generis
1717 626 1787 665 ac
1829 607 2059 666 familiae
2089 627 2210 666 ves-

116 728 121 735 .
218 689 348 753 trae,
379 681 623 755 virtutis,
656 684 1050 756 humanitatis,
1081 684 1375 756 doctrinae,
1398 686 1771 762 plurimarum
1801 686 2009 744 artium
2039 697 2209 763 atque

217 757 590 836 optimarum,
630 772 768 821 nota
814 772 948 820 sunt
993 763 1136 822 mihi
1182 764 1396 822 omnia.
1480 764 1685 839 Itaque
1731 763 1890 822 certo
1932 765 2073 856 scio,
2110 785 2210 824 vos
2275 768 2314 823 5

218 858 342 896 non
383 851 578 915 petere
618 841 1001 938 sanguinem:
1041 843 1145 901 sed
1171 862 1372 920 parum
1404 844 1715 902 attenditis.
1798 844 1925 902 Res
1951 844 2107 901 enim
2132 864 2208 923 eq

218 929 470 994 spectat,
500 930 565 977 ut
590 938 663 978 ea
688 919 880 997 poena,
909 920 968 978 in
998 922 1112 997 qua
1142 924 1333 980 adhuc
1360 922 1442 985 Ω.
1467 922 1736 1000 Ligarius
1761 923 1856 994 sit,
1876 942 1991 981 non
2019 924 2210 982 videa-

217 995 372 1054 mini
419 1017 546 1057 esse
592 999 866 1076 contenti.
946 1000 1103 1062 Quae
1147 1011 1234 1058 est
1280 1001 1457 1079 igitur
1506 1001 1639 1074 alia,
1678 1012 1881 1079 praeter
1921 1013 2162 1060 mortem
2180 1004 2207 1060 ‘l

185 1076 291 1133 ·Si
335 1077 491 1134 enim
533 1077 593 1137 in
633 1065 834 1137 exsilio
873 1087 980 1150 est,
1023 1078 1196 1136 sicuti
1239 1090 1347 1151 est,
1396 1080 1535 1155 quid
1583 1081 1826 1157 amplius
1868 1080 2206 1177 postulatis?

219 1174 323 1226 an,
363 1176 439 1214 ne
478 1157 849 1234 ignoscatur?
906 1158 1017 1215 hoc
1057 1156 1192 1216 vero
1235 1157 1418 1216 multo
1459 1158 1743 1230 acerbius,
1780 1158 2075 1234 multoque
2120 1169 2208 1218 est
2242 1154 2312 1210 10

218 1234 445 1292 durius.
524 1236 704 1298 Quod
744 1257 848 1295 nos
887 1236 1041 1295 domi
1068 1237 1335 1313 petimus,
1364 1237 1632 1314 precibus
1658 1247 1717 1295 et
1743 1237 2029 1314 lacrymis,
2056 1258 2209 1314 pros-

216 1314 363 1371 trati
404 1315 476 1371 ad
513 1316 741 1391 pedes,
737 1336 854 1374 non
895 1326 1013 1373 tam
1055 1325 1260 1374 nostrae
1303 1335 1494 1375 causae
1534 1316 1797 1388 fidentes,
1824 1316 1997 1391 quam
2040 1317 2209 1394 hujus

217 1393 594 1467 humanitati,
635 1395 696 1452 id
748 1404 825 1453 ne
878 1395 1268 1472 impetremuS,
1309 1395 1650 1473 pugnabis?
1725 1404 1785 1452 et
1837 1395 1898 1453 in
1951 1405 2208 1454 nostrum

218 1470 428 1530 fletum
458 1473 780 1550 irrumpes?
835 1483 895 1531 et
929 1492 1053 1545 nos,
1076 1474 1343 1551 jacentes
1384 1474 1457 1533 ad
1494 1474 1689 1551 pedes,
1718 1473 2040 1551 supplicum
2067 1494 2208 1534 voce

217 1551 557 1627 prohibebis
573 1553 598 1609 'l
2243 1556 2312 1610 15

306 1630 397 1701 Si,
422 1649 564 1687 cum
592 1631 703 1689 hoc
731 1631 887 1690 domi
915 1630 1256 1703 faceremus,
1277 1632 1428 1708 quod
1456 1640 1514 1689 et
1542 1630 1804 1703 fecimus,
1827 1640 1905 1704 et,
1934 1641 1998 1690 ut
2024 1651 2207 1709 spero,

218 1686 341 1766 tion
409 1708 617 1768 frustra
673 1710 938 1782 fecimus,
978 1720 1041 1767 tu
1101 1709 1410 1787 derepente
1470 1710 1787 1787 irrupisses,
1841 1721 1900 1769 et
1954 1711 2209 1770 clamare

142 1815 157 1823 „
221 1789 520 1863 coepisses,
562 1795 599 1821 “
620 1789 690 1847 C.
729 1789 947 1861 Caesar,
985 1807 1126 1847 cave
1166 1788 1466 1879 ignoscas3
1509 1808 1670 1862 cave,
1710 1800 1768 1847 te
1809 1790 2067 1862 fratrum,
2106 1809 2210 1866 pro

172 1866 420 1924 fratris
459 1867 641 1926 salute
680 1868 1126 1939 obsecrantium,
1168 1869 1556 1926 misereatur·'
1523 1912 1538 1940 ‚
1542 1869 1576 1895 ’'
1620 1888 1812 1927 nonne
1847 1887 2076 1927 omnem
2105 1869 2209 1926 hu-

131 1947 143 1957 “
222 1945 565 2004 manitatem
618 1947 920 2005 exuisses?
985 1946 1229 2008 Quanto
1283 1948 1393 2005 hoc
1435 1947 1653 2019 durius,
1697 1948 1850 2022 quod
1895 1967 2000 2006 nos
2052 1947 2207 2005 domi
2239 1950 2314 2007 20

156 2025 494 2111 ροιιιιιιιε,
525 2025 582 2083 id
614 2045 647 2084 a
673 2036 731 2084 te
759 2024 819 2083 in
850 2026 969 2084 soro
1009 2008 1358 2104 oppugnari!
1421 2036 1500 2098 et,
1529 2026 1590 2084 in
1617 2026 1719 2084 tali
1747 2025 1980 2084 miseria
2006 2026 2210 2084 multo-
2280 2089 2284 2092 ,

138 2098 383 2194 [1,[ιιιιι
406 2105 728 2181 perfugium
758 2104 1163 2162 misericordiae
1191 2105 1423 2162 tollere!

122 2164 247 2281 Este(
303 2181 521 2240 Dicam
561 2182 752 2259 plane,
781 2183 892 2241 Oai
935 2184 1153 2255 Caesar,
1194 2184 1347 2259 quod
1387 2182 1587 2241 sentio.
1671 2182 1757 2254 Si,
1793 2182 1855 2241 in
1896 2183 2009 2241 hac
2048 2182 2210 2240 tanta

168 2252 328 2345 Jtua
371 2261 615 2333 fortuna,
645 2263 851 2320 lenitas
890 2272 1052 2320 tanta
1090 2282 1204 2321 non
1247 2271 1418 2333 esset,
1461 2271 1737 2338 quantam
1776 2271 1840 2319 tu
1874 2280 1975 2338 per
2002 2270 2079 2333 te,
2107 2280 2208 2339 per

116 2359 176 2411 ⁴,s
216 2350 300 2412 te,
338 2340 592 2415 inquam,
619 2341 863 2413 obtines,
895 2341 1202 2431 (intelligo,
1226 2341 1366 2416 quid
1395 2307 1625 2432 loquar)
1654 2340 2023 2398 acerbissimo
2048 2341 2208 2399 luctu
2240 2341 2312 2397 25

116 2484 122 2489 ,
178 2427 203 2460 ²
224 2386 581 2477 redundaret
622 2420 732 2478 ista
770 2420 1026 2479 victoria.
1108 2419 1310 2482 Quam
1340 2419 1504 2477 multi
1533 2419 1689 2477 enim
1716 2429 1908 2478 essent
1934 2420 2007 2478 de
2034 2419 2209 2478 victo-

113 2517 119 2521 ·
222 2498 407 2570 ribus,
450 2500 547 2573 qui
600 2510 658 2557 te
705 2500 997 2557 crudelem
1046 2518 1173 2556 esse
1226 2499 1458 2571 vellent,
1501 2517 1638 2556 cum
1690 2498 1866 2557 etiam
1912 2499 1985 2556 de
2038 2499 2209 2558 victis

173 2586 181 2594 ’
223 2577 622 2654 reperiantur!
668 2576 842 2654 quam
869 2578 1054 2650 multi,
1084 2577 1202 2653 qui,
1234 2576 1371 2635 cum
1413 2597 1447 2635 a
1486 2587 1562 2635 te‘
1584 2578 1802 2637 nemini
1844 2577 2064 2669 ignosci
2095 2579 2208 2637 vel-

186 2656 368 2729 olent,
426 2656 765 2733 impedirent
812 2656 1179 2715 clementiam
1232 2665 1413 2728 tuam,
1469 2655 1605 2714 cum
1658 2657 1833 2714 etiam
1888 2657 1950 2729 ii,
1997 2657 2207 2733 quibus

2325 2119 2414 2148 (“-

228 2735 351 2813 ipse
383 2736 668 2831 ionovisti,
698 2737 879 2794 nolint
906 2745 964 2793 te
994 2736 1053 2794 in
1084 2736 1224 2794 alios
1250 2755 1378 2794 esse
1405 2736 1870 2794 misericordem!
2239 2734 2313 2794 30
2340 2723 2361 2734 ⁸

301 2786 491 2876 Ωιιοά
545 2815 594 2873 si
646 2815 887 2891 probare
939 2812 1159 2872 Caesari
1203 2833 1518 2891 possemus,
1561 2814 1620 2873 in
1662 2813 1867 2873 Africa
1908 2813 2208 2892 Ligarium

144 2958 159 2966 ‚
225 2894 465 2952 omnino
504 2914 617 2952 non
648 2894 855 2964 suisse3
898 2893 947 2951 si
975 2894 1212 2952 honesto
1237 2903 1296 2952 et
1323 2893 1678 2952 misericordi
1706 2893 2010 2953 mendacio
2036 2893 2207 2952 saluti

228 2973 397 3030 civis‘
431 2967 755 3031 calamitosi
807 2966 1133 3031 consultum
1187 2991 1313 3031 esse
1355 2972 1665 3043 vellemus3
1725 2981 1920 3029 tamen
1962 2972 2209 3039 hominis

227 3071 343 3110 non
386 3063 558 3123 esset,
589 3052 646 3109 in
687 3061 850 3109 tanto
889 3050 1222 3109 discrimine
1260 3059 1321 3110 et
1360 3051 1617 3128 periculo
1657 3050 1819 3122 civis,
1849 3049 2110 3111 refellere
2150 3060 2225 3107 et

497 3227 520 3254 σε
564 3220 735 3280 esset,
765 3210 864 3283 qui
906 3208 965 3266 in
1006 3209 1211 3267 eadem
1239 3199 1418 3267 causa
1446 3218 1505 3266 et
1534 3206 1760 3266 fortuna
1787 3205 2004 3264 fuisset.
2089 3206 2210 3263 Sed

494 3313 609 3338 «ιι
664 3298 751 3346 est
790 3307 983 3346 errare
1023 3287 1315 3346 Caesarem
1355 3288 1527 3358 nolle,
1558 3287 1713 3345 aliud
1753 3285 1904 3343 nolle
1931 3284 2206 3342 misereri.

345 3369 637 3418 ⁴,
692 3373 729 3401 “
750 3366 929 3438 Cave,
959 3365 1175 3436 Caesar,
1206 3367 1447 3424 credas:
1492 3366 1598 3423 suit
1640 3365 1700 3423 in
1742 3362 1948 3422 Africa
1986 3362 2209 3440 Ligari·
2303 3424 2308 3427 Ἴ

197 3436 333 3509 ἠπ
371 3473 486 3504 ι
534 3460 697 3513 arma
723 3457 922 3504 contra
948 3456 1022 3503 te.
1027 3446 1075 3473 ”
1146 3444 1324 3503 Nunc
1354 3445 1491 3520 quid
1520 3445 1707 3503 dicis'l
1776 3450 1813 3476 “
1837 3442 2039 3500 Cave
2024 3461 2210 3538 ignos-

230 3508 429 3597 cas'ssz‘
456 3518 629 3597 Ηφῖο
668 3543 782 3583 nec
836 3523 1102 3595 hominiS,
1145 3543 1256 3582 nec
1299 3524 1372 3580 ad
1413 3523 1724 3594 hominem,
1764 3541 1873 3580 vox
1910 3529 2033 3578 est·
2094 3520 2209 3594 qua
2242 3528 2311 3580 40

228 3584 515 3685 Qquid
538 3592 615 3673 tie,
644 3601 753 3661 cai
782 3602 1000 3674 Caesar,
1029 3612 1239 3674 utetur,
1268 3620 1434 3660 suam
1475 3600 1650 3659 citius
1690 3568 1929 3689 abjici&
1950 3599 2210 3656 humani·
2261 3667 2270 3675 ,

232 3684 437 3759 taem,
450 3678 632 3759 q'uam
658 3649 1018 3756 extorquebit
1045 3691 1222 3740 tuam.

308 3748 419 3823 VI.
486 3758 584 3819 Ac
637 3762 856 3838 primus
892 3761 1098 3818 aditus
1137 3769 1196 3817 et
1234 3757 1540 3835 postulatio
1591 3755 1921 3815 Tuberonis
1960 3756 2104 3828 haec,
2145 3768 2211 3816 ut

233 3838 448 3916 opiner,
476 3838 622 3911 fuit;
668 3841 811 3898 velle
839 3859 900 3897 se
929 3839 1002 3897 de
1040 3836 1120 3902 Ω.
1152 3837 1375 3915 Ligarii
1403 3836 1621 3895 scelere
1650 3836 1862 3895 dicere.
1943 3834 2081 3894 Non
2108 3836 2209 3894 du-

709 3920 749 3991 7

229 3149 545 3269 “gnere
601 3141 855 3189 nostrum
911 3126 1313 3189 mendacium:
1371 3140 1449 3202 et,
1490 3129 1539 3187 si
1581 3139 1733 3188 esset
1780 3127 2042 3204 alicujus,
2083 3127 2209 3202 ejus
2241 3134 2313 3188 35
2351 3114 2362 3123 ’
