2667 4242
651 329 659 341 ·
704 314 975 363 oRA‘rto
1020 312 1060 362 1.
1108 311 1182 362 m
1227 280 1750 361 L.‘‹:AT1L1NAM‚
1969 358 1974 365 ,
2237 310 2307 368 ιι

252 458 420 521 Quid
448 454 628 516 vero?
656 476 858 539 nuper,
889 456 1047 529 cum,
1075 467 1256 514 morte
1283 452 1592 530 superioris
1620 452 1832 523 uxoria,
1862 451 2025 510 novis
2066 471 2208 527 nup-

254 539 351 595 tiis
379 537 611 594 domum
639 535 1081 606 vacuefecisseS,
1110 553 1303 592 nonne
1330 535 1505 592 etiam
1536 532 1647 590 alio
1675 531 1999 589 incredibili
2029 531 2208 587 scele-

256 612 318 675 τέ
351 617 460 672 hoc
482 614 671 672 scelus
687 615 1040 672 cumulasti?
1067 613 1216 688 quod
1240 631 1351 689 ego
1373 612 1760 687 praetermitto,
1789 623 1848 667 et
1876 610 2045 666 facile
2067 610 2210 684 pati-

255 714 320 751 or
362 694 537 764 sileri,
558 676 659 785 {ne
708 693 767 749 in
798 694 909 750 hac
959 692 1188 750 civitate
1232 691 1377 748 tanti
1422 690 1694 747 facinoris
1744 689 2071 746 immanitas
2112 699 2209 744 aut

227 759 563 843 'exstitisse,
611 780 712 828 aut
764 790 880 828 non
922 771 1213 827 vindicata
1254 788 1401 839 esse,
1444 743 1749 867 videatur.)
1831 766 2210 827 Praetermitto
2277 774 2314 829 5

258 851 457 909 ruinas
485 849 837 907 fortunarum
864 860 1110 918 tuarum,
1139 867 1280 924 quas
1306 865 1508 905 omnes
1536 845 1868 922 impendere
1897 845 2000 902 tibi
2028 845 2210 920 proxi-
2233 882 2240 888 -

258 929 370 986 mis
398 927 599 985 Idibus
625 928 871 985 senties:
915 928 987 985 ad
1009 928 1106 984 illa
1133 927 1320 995 venio,
1348 944 1475 1000 quae
1503 944 1619 981 non
1644 925 1714 981 ad
1744 923 2020 999 privatam
2053 923 2210 999 igno-

269 1006 499 1063 miniam
529 1006 791 1063 vitiorum
821 1016 1071 1076 tuorum,
1100 1024 1217 1062 non
1248 1005 1318 1061 ad
1350 1003 1725 1061 domesticam
1766 1013 1923 1059 tuam
1965 1002 2210 1058 difficul-

261 1095 440 1142 tatem
470 1103 540 1141 ac
568 1084 998 1160 turpitudinem,
1027 1084 1126 1139 sed
1158 1083 1227 1139 ad
1257 1100 1538 1143 summam
1568 1081 1917 1156 reipublicae,
1941 1090 2109 1155 atque
2139 1080 2209 1137 ad

259 1162 522 1220 omnium
551 1161 807 1219 nostrum
839 1162 1007 1219 vitam
1035 1161 1410 1235 salutemque,
1439 1160 1743 1235 pertinent.
2247 1164 2315 1217 10

344 1241 619 1298 Potestne
639 1240 743 1297 tibi
770 1240 940 1316 hujus
966 1240 1094 1296 vitae
1123 1239 1240 1309 lux,
1271 1239 1544 1308 Catilina,
1576 1249 1671 1295 aut
1702 1237 1870 1312 hujus
1889 1235 2023 1293 coeli
2051 1237 2211 1312 spiri·

246 1329 357 1393 „tus
409 1337 538 1374 esse
585 1317 899 1393 jucundus,
940 1316 1080 1374 cum
1122 1318 1294 1387 scias,
1339 1318 1539 1374 horum
1580 1335 1707 1375 esse
1761 1316 2074 1385 neminem,
2112 1316 2211 1390 qui

262 1397 506 1468 nesciat,
536 1407 612 1466 te,
640 1396 821 1471 pridie
850 1396 1142 1453 Calendas
1170 1395 1208 1452 J
1212 1396 1499 1465 abunt-iae,
1528 1388 1750 1471 Lepide
1786 1404 1846 1451 et
1874 1393 2052 1451 Tullo
2077 1412 2213 1450 con-

264 1476 504 1544 sulibus,
535 1475 758 1535 stetisse
784 1476 845 1531 in
879 1475 1114 1532 comitio
1155 1493 1290 1532 cum
1329 1474 1485 1531 telo?
1527 1493 1783 1543 manum,
1811 1473 2113 1547 consulum
2154 1482 2213 1528 et

263 1553 585 1628 principum
609 1553 857 1610 civitatis
873 1553 1401 1611 interficiendorum
1423 1552 1621 1622 causa,
1647 1552 1978 1627 paravisse?
2007 1551 2210 1608 sceleri
2251 1548 2316 1601 15

265 1650 335 1688 ac
367 1632 538 1688 furori
579 1642 678 1688 tuo
704 1651 820 1688 non
852 1643 1100 1689 mentem
1144 1631 1414 1706 aliquam,
1443 1640 1542 1688 aut
1582 1631 1841 1702 timorem
1886 1640 2067 1701 tuum,
2110 1630 2210 1687 sed

268 1710 548 1767 fortunam
577 1708 907 1785 reipublicae
924 1709 1252 1768 obstitisse?
1334 1710 1431 1767 Ac
1465 1708 1583 1785 jam
1627 1709 1725 1767 illa
1750 1709 1982 1767 omitto:
2025 1726 2212 1783 neque

194 1810 198 1817 ·
263 1788 421 1845 enim
446 1798 581 1845 sunt
607 1799 705 1845 aut
730 1788 996 1865 obscura,
1019 1799 1125 1846 aut
1148 1807 1269 1846 non
1292 1790 1470 1846 multa
1487 1787 1620 1863 post
1646 1788 1968 1845 commissa.
2049 1788 2216 1848 Quo·
2399 1796 2448 1809 ‘⁸'

265 1867 375 1922 ties
400 1872 463 1923 tu
491 1885 583 1923 me
611 1867 995 1943 designatum,
1022 1868 1244 1942 quoties
1272 1869 1592 1937 consulem,
1619 1866 1942 1924 interficere
1971 1877 2213 1923 conatus
2477 1862 2489 1871 ’

266 1945 373 2001 es‘l
412 1955 549 2020 quot
575 1964 683 2021 ego
709 1956 838 2002 tuas
866 1946 1191 2021 petitiones,
1222 1946 1302 2003 ita
1317 1947 1613 2023 conjectas
1641 1956 1702 2003 ut
1719 1946 1882 2002 vitari
1907 1964 2022 2003 non
2045 1964 2210 2020 posse
2243 1940 2316 1992 20

266 2022 612 2092 viderentur,
639 2023 815 2098 parva
840 2024 1091 2099 quadam
1118 2023 1526 2094 declinatione,
1542 2034 1602 2080 et
1625 2025 1716 2099 (ut
1743 2023 1934 2101 aiunt)
1957 2040 2210 2099 corpore,

265 2101 485 2176 effugi?
569 2100 733 2158 Nihil
763 2101 908 2177 agis,
937 2101 1076 2161 nihil
1108 2102 1448 2175 assequeris,
1475 2101 1620 2159 nihil
1650 2101 1882 2170 moliris,
1903 2102 2054 2177 quod
2071 2102 2216 2158 mihi

266 2179 449 2235 latere
474 2178 661 2235 valeat
677 2179 735 2235 in
760 2188 1016 2254 tempore
1030 2194 1050 2239 t
1078 2197 1267 2253 neque
1283 2190 1479 2239 tamen
1502 2178 1698 2237 conari
1715 2198 1785 2237 ac
1803 2179 1945 2236 velle
1968 2179 2211 2237 desistis

184 2261 193 2269 “
270 2255 527 2317 Quoties
550 2254 668 2336 jam
697 2255 802 2312 tibi
828 2248 1061 2312 extorta*
1089 2267 1178 2313 est
1218 2257 1344 2315 sica
1383 2257 1494 2317 ista
1530 2258 1603 2315 de
1642 2257 1953 2333 manibus?
1993 2258 2215 2333 quoties

270 2330 409 2391 vero
435 2333 654 2391 excidit
680 2352 821 2391 casu
870 2333 1075 2409 aliqu0,
1104 2345 1163 2392 et
1213 2335 1408 2409 elapsa
1434 2338 1562 2394 est‘l
1642 2335 1871 2394 Tamen
1899 2338 1969 2394 ea
2018 2356 2213 2394 carere
2246 2343 2318 2396 25
2349 2380 2352 2383 -

269 2410 492 2469 diutius
520 2428 632 2468 non
662 2422 855 2488 potes:
896 2432 1022 2488 quae
1048 2414 1278 2488 quidem
1307 2415 1644 2490 quibus-abs
1671 2425 1728 2472 te
1770 2415 1993 2474 initiata
2033 2417 2213 2475 sacris
2309 2476 2317 2483 ,

268 2508 340 2548 ac
366 2491 572 2625 devotg
596 2503 718 2646 {ruge
734 2492 951 2561 nescio,
994 2490 1151 2568 quod
1195 2512 1324 2550 eam
1373 2513 1610 2553 necesse
1650 2504 1820 2571 putas
1858 2495 2112 2554 consulis
2153 2497 2210 2554 in

443 2588 503 2626 re
570 2588 604 2625 e
722 2588 801 2627 re.

344 2646 483 2705 VII.
527 2646 706 2706 Nunc
757 2646 913 2719 vero,
959 2668 1086 2724 quae
1130 2660 1230 2708 tua
1271 2662 1362 2708 est
1397 2651 1508 2709 ista
1552 2652 1713 2713 vita?
1769 2652 1854 2711 sic
1895 2653 2049 2719 enim
2089 2653 2208 2729 jam

126 2756 133 2765 ·
216 2736 457 2785 &tecum
487 2725 701 2805 loquar,
733 2745 848 2784 non
877 2740 941 2785 ut
963 2728 1098 2787 odio
1122 2740 1414 2804 permotus
1459 2748 1585 2788 esse
1613 2730 1826 2802 videar,
1853 2750 1966 2807 quo
2006 2732 2226 2803 debeo,a
2246 2738 2322 2797 ὃς)

263 2805 367 2861 sed
411 2814 472 2861 ut
511 2790 926 2876 misericordia,
954 2825 1081 2881 quae
1120 2808 1227 2865 tibi
1268 2809 1427 2867 nulla
1466 2810 1722 2867 debetur.
1804 2810 2032 2868 Venisti
2073 2830 2212 2886 pau-

217 2916 223 2921 ·
262 2881 321 2940 lo
348 2880 483 2939 ante
512 2882 571 2941 in
618 2894 898 2941 senatum.
980 2884 1137 2946 Quis
1177 2896 1255 2959 te,
1296 2906 1372 2944 ex
1415 2888 1527 2945 hac
1567 2888 1729 2946 tanta
1759 2889 2098 2965 frequentia,
2140 2908 2212 2946 ex

260 2969 347 3018 tot
375 2962 486 3018 tuis
516 2962 721 3019 amicis
746 2980 816 3019 ac
844 2964 1205 3036 necessariis,
1233 2966 1538 3025 salutavit?
1620 2966 1685 3024 Si
1717 2969 1847 3038 hoc,
1869 2979 1996 3044 post
2033 2968 2214 3024 homi-

259 3057 402 3097 num
435 3040 786 3111 memoriam,
815 3042 1058 3117 contigit
1083 3042 1322 3115 nemini,
1356 3045 1511 3101 vocis
1536 3056 1838 3121 exspectas
1875 3045 2214 3103 contumeli-

264 3135 380 3188 am,
434 3116 570 3174 cum
611 3119 691 3175 sis
750 3120 1085 3196 gravissimo
1135 3121 1359 3197 judicio
1413 3124 1822 3180 taciturnitatis
1859 3125 2210 3198 oppressus?
2244 3125 2316 3179 35

257 3194 447 3267 Quid,
473 3196 626 3272 quod
656 3198 903 3255 adventu
932 3210 1031 3256 tuo
1054 3200 1161 3256 ista
1188 3202 1461 3258 subsellia
1490 3202 1827 3258 vacuefacta
1854 3203 2027 3258 sunt?
2056 3198 2212 3277 qnod

259 3293 464 3331 omnes
523 3276 875 3347 consulareS,
929 3278 1028 3352 qui
1081 3277 1183 3337 tibi
1226 3294 1481 3356 persaepe
1538 3280 1607 3337 ad
1651 3280 1870 3337 caedem
1915 3278 2212 3336 constituti

266 3353 516 3423 fuerunt,
564 3354 730 3412 simul
782 3370 951 3430 atque
993 3358 1276 3429 assedisti,
1325 3368 1544 3432 partem
1597 3358 1760 3414 istam
1811 3356 2210 3415 subselliorum

259 3431 477 3487 nudam
508 3442 674 3506 atque
703 3433 931 3491 inanem
961 3435 1357 3510 reliquerunt?
1436 3436 1578 3497 Quo
1603 3436 1840 3492 tandem
1879 3435 2072 3491 animo
2101 3434 2212 3492 hoc
2237 3479 2244 3487 .

261 3507 368 3565 tibi
412 3508 703 3567 ferendum
758 3514 965 3587 putas'l
1058 3515 1221 3571 Servi
1279 3514 1666 3591 (mehercule)
1723 3514 1837 3573 mei
1879 3513 1927 3569 si
1970 3531 2061 3569 me
2104 3511 2212 3572 isto
2244 3511 2315 3567 4⁰

261 3598 433 3663 pacto
486 3599 825 3661 metuerent,
877 3603 940 3649 ut
979 3604 1036 3649 te
1077 3602 1343 3649 metuunt
1383 3611 1584 3648 omnes
1625 3591 1781 3648 cives
1828 3590 1933 3659 tui,
1978 3592 2208 3651 domum

261 3672 447 3722 m'eam
477 3666 906 3742 relinquendam
936 3678 1195 3745 putarem
1222 3660 1341 3753 :ftu
1369 3670 1470 3725 tibi
1503 3670 1700 3725 urbem
1732 3688 1846 3726 non
1878 3669 2209 3730 arbitraris?

264 3743 357 3814 Et,
386 3744 431 3800 si
462 3764 553 3802 me
585 3748 727 3803 meis
755 3747 978 3806 civibus
1006 3748 1216 3823 injuria
1246 3757 1577 3822 suspectum
1606 3757 1722 3802 tam
1764 3750 2010 3822 graviter
2041 3762 2208 3825 atque

254 3823 541 3882 offensum
571 3825 857 3896 viderem3
901 3845 1098 3884 carere
1117 3845 1207 3883 me
1238 3826 1516 3899 adspectu
1535 3823 1958 3899 civium,quzim
1988 3827 2209 3886 infestis
