2667 4242
1895 33 1963 130 ,ἕ

637 295 913 346 ORATIO
957 295 1094 346 PRO
1136 297 1198 347 T.
1243 298 1473 347 ANNIO
1519 298 1816 348 MILONE.
2198 301 2316 359 103

165 480 185 517 .·
238 439 665 498 assensionibus
692 440 945 498 universi
973 440 1223 498 ordinis!
1267 440 1437 517 quam
1487 461 1599 499 nec
1641 442 1855 513 tacitis,
1884 460 1995 499 nec
2022 442 2217 499 occul-

196 521 347 577 tis!
430 518 689 580 Quando
715 519 893 591 enim,
923 520 1379 611 frequentissimo
1419 532 1642 592 senatu,
1672 532 1933 595 quatuor,
1965 522 2036 577 ad
2066 538 2217 577 sum-

233 617 396 655 mum
425 598 696 672 quinque,
727 608 861 655 sunt
890 598 1124 668 inventi,
1168 599 1265 673 qui
1315 599 1548 660 Milonis
1591 617 1826 656 causam
1874 619 1989 657 non
2017 599 2217 675 proba-

233 678 407 735 rent?
491 676 805 733 Declarant
833 677 1002 751 hujus
1031 676 1275 739 ambusti
1297 677 1512 734 tribuni
1541 678 1723 753 plebis
1769 678 1881 735 illae
1920 676 2217 734 intermor-

232 767 351 813 tuae
397 755 724 825 conciones,
781 755 988 829 quibus
1042 754 1295 829 quotidie
1337 775 1522 812 meam
1564 757 1876 832 potentiam
1932 753 2213 813 invidiose
2277 759 2314 812 5

232 835 674 903 criminabatur,
705 851 839 905 cum
869 833 1106 904 diceret,
1149 845 1432 905 senatum,
1463 853 1573 892 non
1618 835 1768 909 quod
1815 835 2070 905 sentiret,
2113 835 2216 892 sed

231 914 387 988 quod
434 932 542 988 ego
586 878 808 981 vellem,
852 912 1180 969 decernere.
1261 913 1417 973 Quae
1459 913 1691 988 quidem
1738 913 1788 970 si
1835 914 2087 994 potentia
2130 923 2217 970 est

234 992 580 1080 appellanda
632 989 839 1066 potius,
894 989 1087 1064 quam,
1142 1002 1366 1079 propter
1422 1010 1633 1068 magna
1688 991 1747 1049 in
1801 988 2213 1067 rempublicam

200 1071 464 1139 merita,
496 1069 841 1126 mediocris
829 1090 884 1126 ιιι
918 1071 1080 1126 bonis
1108 1070 1300 1127 causis
1344 1071 1678 1141 auctoritaS,
1704 1080 1820 1141 aut,
1848 1082 2069 1159 propter
2112 1071 2215 1128 hos

228 1140 528 1206 officiosos
554 1148 776 1204 labores
805 1149 991 1218 meos',
1009 1148 1281 1219 nonnulla
1321 1149 1470 1223 apud
1515 1149 1691 1206 bonos
1718 1148 1932 1225 gratia3
1978 1149 2217 1224 appelle·
2246 1149 2313 1202 10

231 1238 337 1285 tur.
374 1228 455 1284 ita
495 1225 656 1296 sane,
706 1227 1013 1283 dummodo
1056 1245 1125 1284 ea
1158 1247 1258 1283 nos
1300 1243 1528 1285 utamur
1567 1247 1670 1304 pro
1710 1228 1893 1285 salute
1939 1226 2224 1285 bonorum

233 1317 445 1364 contra
474 1304 783 1365 amentiam
823 1302 1189 1394 perditorum.

315 1385 498 1442 Hanc
526 1383 658 1441 vero
690 1384 1080 1458 quaestionem,
1110 1383 1218 1442 etsi
1246 1382 1361 1442 non
1405 1394 1493 1441 est
1537 1384 1754 1461 iniqua,
1799 1403 2093 1459 nunquam
2136 1393 2218 1441 ta-

231 1483 375 1522 men
430 1473 664 1521 senatus
720 1463 1180 1520 constituendam
1234 1463 1467 1538 putavit.
1578 1464 1761 1521 Erant
1814 1464 1969 1521 enim
2036 1465 2213 1540 leges,

232 1553 409 1601 erant
435 1542 797 1617 quaestioneS,
826 1541 913 1598 vel
944 1543 1016 1598 de
1046 1542 1224 1612 caede,
1257 1543 1340 1599 vel
1384 1542 1456 1600 de
1485 1542 1571 1599 vi:
1613 1563 1725 1600 nec
1765 1553 1989 1600 tantum
2018 1562 2217 1599 moero-
2244 1539 2313 1592 15

232 1642 364 1680 rem
409 1640 480 1679 ac
518 1621 738 1678 luctum
780 1621 1004 1678 senatui
1046 1636 1196 1678 mors
1235 1620 1298 1678 P.
1341 1616 1536 1678 Clodii
1599 1622 1892 1692 afferebat,
1948 1632 2011 1679 ut
2070 1640 2218 1678 nova

231 1701 481 1777 quaestio
521 1700 977 1757 constitueretur.
1061 1699 1249 1775 Cujus
1283 1700 1437 1757 enim
1491 1702 1565 1758 de
1607 1701 1704 1758 illo
1744 1701 1964 1758 incesto
2003 1711 2215 1788 stuprO,

235 1780 539 1870 judicium
566 1779 918 1838 decernendi
962 1778 1183 1835 senatui
1228 1789 1478 1854 potestas
1524 1788 1674 1836 esset
1720 1790 1950 1855 erepta3
1993 1779 2066 1836 de
2094 1779 2218 1854 ejus

160 1891 173 1905 ·
233 1859 502 1928 interitu,
527 1857 654 1934 quis
681 1856 864 1932 potest
892 1858 1147 1927 credere,
1195 1869 1455 1914 senatum
1496 1857 1782 1933 judicium
1828 1863 2035 1916 novum
2085 1877 2219 1914 con-

231 1904 595 1995 stituenclum
622 1936 892 2012 putasse?
975 1937 1096 1993 Cur
1125 1935 1297 2012 igitur
1347 1937 1679 1994 incendium
1708 1936 1903 2007 curiae,
1931 1954 2218 2012 oppugna·
2244 1942 2318 1996 2⁰

233 2017 459 2075 tionem
488 2015 697 2072 aedium
729 2013 809 2071 M.
857 2014 1082 2090 Lepidi,
1113 2016 1330 2072 caedem
1381 2016 1534 2073 hanc
1563 2015 1778 2090 -ipsam,
1827 2025 2029 2071 contra
2076 2033 2220 2070 rem-

230 2096 534 2172 publicam
575 2105 810 2151 senatus
851 2093 1062 2151 factam
1104 2113 1231 2151 esse
1271 2094 1565 2150 decrevit?
1618 2094 1755 2168 quia
1794 2093 1953 2150 nulla
1994 2093 2077 2149 vis
2119 2111 2221 2148 un-

231 2194 413 2250 quam
443 2185 532 2231 est
572 2172 632 2230 in
678 2172 861 2230 libera
902 2173 1135 2230 civitate
1175 2183 1444 2247 suscepta
1485 2171 1632 2229 inter
1661 2170 1836 2241 civeS,
1865 2191 1979 2228 non
2020 2181 2221 2228 contra

232 2253 674 2329 rempublicam.
758 2250 895 2308 Non
936 2251 1091 2309 enim
1132 2262 1219 2308 est
1261 2251 1360 2308 illa
1399 2250 1657 2313 defensio
1697 2261 1896 2307 contra
1949 2250 2061 2306 vim
2118 2268 2221 2306 un-

232 2351 416 2408 quam
454 2332 735 2407 optanda3
793 2331 895 2387 sed
936 2349 1347 2405 nonnunquam
1388 2340 1475 2387 est
1515 2328 1873 2387 necessaria.
1932 2328 2041 2386 nisi
2083 2327 2215 2387 vero
2245 2330 2318 2385 25

234 2423 340 2469 aut
385 2411 481 2467 ille
523 2411 666 2481 dies,
728 2409 787 2466 in
829 2428 943 2483 quo
982 2410 1078 2466 Ti.
1122 2410 1427 2467 Gracchus
1466 2420 1554 2467 est
1594 2427 1796 2480 caesus,
1847 2419 1945 2465 aut
1973 2408 2077 2466 ille
2108 2427 2219 2484 quo

233 2491 445 2559 CaiuS,
477 2500 576 2546 aut
615 2507 728 2563 quo
770 2507 929 2545 arma
971 2488 1271 2546 Saturnini
1308 2507 1576 2564 oppressa
1615 2497 1767 2559 sunt,
1808 2487 2031 2545 etiamsi
2060 2508 2093 2546 e
2134 2509 2221 2546 re-

230 2569 498 2646 publica,
527 2567 941 2657 rempublicam
970 2576 1162 2625 tamen
1205 2588 1316 2625 non
1348 2567 1733 2625 vulnerarunt.

318 2646 429 2706 VI.
500 2646 706 2722 Itaque
749 2664 859 2722 ego
902 2646 1021 2721 ipse
1065 2646 1313 2716 decrevi,
1344 2644 1479 2703 cum
1524 2646 1740 2704 casdem
1785 2645 1844 2703 in
1873 2646 2062 2722 Appia
2105 2646 2221 2704 fac-

233 2737 362 2784 tam
390 2742 518 2783 esse
546 2735 852 2796 constaret,
882 2745 996 2782 non
1025 2745 1177 2796 eum,
1208 2726 1303 2801 qui
1332 2744 1395 2782 se
1436 2725 1802 2797 defendisset,
1833 2736 2032 2785 contra
2075 2745 2220 2782 rem·
2246 2725 2317 2778 30

231 2826 329 2882 pu
324 2805 537 2863 ⁴dicam
567 2804 805 2873 fecisse3
849 2804 970 2875 sed,
1001 2823 1136 2861 cum
1162 2770 1379 2862 inesset
1422 2803 1482 2862 in
1526 2824 1587 2862 re
1627 2804 1712 2861 vis
1739 2814 1797 2861 et
1826 2805 2068 2875 insidiae,
2112 2804 2220 2861 cri-

234 2903 376 2941 men
417 2883 639 2958 judicio
684 2883 1002 2952 reservavi3
1046 2902 1166 2941 rem
1215 2884 1424 2941 notavi.
1503 2882 1687 2945 Quod
1715 2883 1783 2954 si,
1811 2903 1912 2958 per
1946 2883 2218 2940 furiosum

234 2963 407 3020 illum
434 2963 749 3052 tribunum,
794 2962 1040 3033 senatui,
1087 2963 1234 3037 quod
1279 2963 1580 3032 sentiebat,
1627 2961 1903 3037 perficere
1942 2954 2220 3030 licuisset,

236 3060 454 3101 novam
495 3040 869 3116 quaestionem
911 3060 1068 3098 nunc
1121 3042 1336 3098 nullam
1393 3042 1751 3098 haberemus,
1854 3037 2222 3094 Decernebat

236 3134 424 3201 emm,
480 3133 563 3190 ut,
619 3116 907 3177 veteribus
966 3120 1209 3195 legibuS,
1268 3117 1663 3177 tantummodo
1722 3126 1883 3174 extra
1940 3115 2219 3185 ordinem,
2248 3113 2320 3166 35

309 3209 434 3260 ,,-,-“.-·,
528 3219 613 3257 ιιι.
721 3196 924 3256 Divisa
977 3199 1262 3256 sententia
1302 3208 1408 3268 est,
1461 3196 1782 3273 postulante
1837 3194 2035 3252 nescio
2074 3211 2220 3267 quo:

255 3311 260 3328 ε
299 3277 398 3338 :5⁵¹st
523 3303 573 3328 ιι
630 3296 869 3335 necesse
909 3285 1014 3348 est,
1056 3278 1312 3334 omnium
1355 3295 1448 3334 me
1489 3275 1709 3351 flagitia
1746 3274 2015 3351 proferre.
2120 3270 2223 3329 Sic

222 3370 252 3379 ·’
277 3377 289 3391 ³
468 3355 804 3441 auctoritas
831 3356 1082 3426 senatuS,
1112 3355 1302 3431 empta
1332 3352 1759 3424 intercessione,
1788 3353 2013 3409 sublata
2039 3359 2141 3408 est.

371 3439 423 3529 ᾗ.
514 3432 592 3491 ’m
620 3435 730 3492 Cn.
763 3435 1085 3511 Pompeius,
1115 3435 1410 3510 rogatione
1438 3433 1541 3490 sua
1572 3443 1650 3490 et
1643 3433 1728 3489 de
1770 3451 1831 3488 re
1859 3441 1917 3488 et
1945 3430 2017 3487 de
2046 3447 2225 3486 causa

293 3515 341 3556 ·⁴'³-·
434 3541 436 3546 ·
431 3514 573 3572 a:
614 3513 743 3570 tulit
770 3514 922 3572 enim
953 3514 1025 3571 de
1055 3513 1233 3582 caede,
1264 3531 1390 3587 quae
1422 3512 1479 3569 in
1511 3510 1700 3586 Appia
1726 3510 1820 3567 via
1859 3509 2013 3566 facta
2052 3516 2221 3578 esset,
2252 3504 2323 3563 40.

540 3592 826 3651 .Clodius
871 3593 1101 3651 occisus
1145 3591 1266 3649 fuit.
1349 3589 1514 3651 Quid
1563 3609 1700 3665 ergo
1741 3588 1914 3645 tulit?
1997 3585 2224 3662 Nempe

236 3672 702 3753 ssmetur.
782 3671 950 3733 Quid
981 3690 1147 3746 porro
1186 3669 1557 3744 quaerendum
1602 3667 1730 3724 est?
1775 3666 2067 3723 factumne
2108 3666 2221 3724 sit'l

242 3760 315 3809 at
338 3752 605 3813 mat:
649 3769 684 3808 a
722 3752 874 3824 quo'l
931 3760 988 3806 at
1029 3759 1198 3827 patet.
1283 3747 1466 3817 Vidit,
1523 3746 1695 3803 etiam
1751 3745 1810 3802 in
1865 3745 2224 3804 confessione

240 3828 411 3905 fana,
459 3830 606 3907 juris
661 3840 855 3888 tamen
909 3828 1301 3886 defensionem
1356 3825 1568 3900 suscipi
1610 3843 1787 3899 posse.
1837 3790 2108 3974 'Quod
2111 3824 2224 3881 nisi
