2667 4242
678 308 950 359 oRA⁷r10
996 280 1134 358 pao
1179 308 1374 358 LEGE
1421 307 1753 358 MANILIA.
2231 310 2306 368 51

140 465 145 469 ’
236 452 436 511 Testis
463 461 549 509 est
574 451 787 522 Gallia,
815 471 916 529 per
942 471 1114 528 quam
1142 452 1465 529 legionibus
1508 450 1715 509 nostris
1757 450 1819 509 in
1863 448 2210 527 Hispaniam

237 532 367 601 iter,
396 532 688 588 Gallorum
719 531 1130 601 internecione,
1148 531 1500 607 patefactum
1548 540 1651 586 est.
1733 528 1933 587 Testis
1961 541 2049 587 est
2077 530 2213 587 His-

64 662 69 671 .
154 618 159 619 ⁷
235 610 428 686 pania,
451 629 576 684 quae
598 610 907 686 saepissime
929 603 1201 686 plurimos
1224 611 1413 666 hostes
1435 609 1507 667 ab
1530 609 1637 666 hoc
1657 619 1951 683 superatos
1971 620 2213 685 prostra-

259 708 437 763 osque
481 689 788 764 conspexit.
871 688 1070 745 Testis
1112 698 1200 745 est
1240 688 1449 745 iterum
1492 698 1550 744 et
1591 687 1798 762 saepius
1841 687 2033 758 Italia,
2061 707 2208 763 quae,

315 786 374 822 m
403 767 590 824 servili
620 767 770 824 bello
794 777 941 824 tetro
965 767 1397 843 periculosoque
1423 776 1794 842 premeretur,
1815 766 1887 822 ab
1916 766 2026 823 hoc
2055 766 2211 823 auxi·
2238 770 2274 823 5

233 846 379 902 lium
420 846 653 902 absente
697 846 995 922 expetivit3
1038 846 1189 921 quod
1232 846 1446 903 bellum
1489 844 1911 920 exspectatione
1955 844 2209 920 Pompeii

235 934 599 981 attenuatum
630 934 796 999 atque
825 925 1191 981 imminutum
1217 933 1325 995 est,
1356 925 1601 981 adventu
1629 923 1917 1004 sublatum
1937 941 2006 980 ac
2027 922 2213 999 sepul-

231 1012 379 1060 tum;
463 1002 676 1059 Testes
702 1002 834 1059 vero
860 1004 978 1078 jam
1003 1021 1204 1060 omnes
1229 1022 1365 1073 orae,
1395 1013 1564 1077 atque
1589 1020 1788 1059 omnes
1827 1011 2033 1059 exterae
2074 1021 2212 1078 gen·
2509 1066 2524 1071 ,

66 1078 74 1098 ²
141 1119 146 1125 -
231 1090 325 1137 tes
356 1100 430 1137 ac
454 1081 737 1151 nationeS,
767 1081 1012 1156 denique
1054 1081 1239 1140 maria
1278 1081 1492 1152 omnia,
1518 1090 1642 1137 tum
1685 1080 1970 1151 universa,
1998 1090 2120 1136 tum
2151 1080 2208 1137 in

128 1162 148 1223 ,’
180 1142 686 1238 [εἰρέι-ιΙ-ξἊΟήΒ]
706 1177 905 1217 omnes
925 1160 1083 1216 sinus
1105 1170 1274 1234 atque
1288 1170 1498 1236 portus,
1577 1158 1734 1220 Quis
1760 1158 1915 1216 enim
1935 1168 2052 1216 toto
2066 1160 2209 1215 mari
2241 1159 2622 1281 Ν

37 1286 44 1293 .
235 1238 407 1295 locus
431 1257 533 1313 per
560 1239 662 1294 hos
680 1242 973 1294 annos‘aut
992 1248 1109 1294 tam
1128 1236 1355 1295 firmum
1384 1237 1583 1295 habuit
1608 1237 1955 1313 praesidium‚
1976 1246 2040 1294 ut
2055 1246 2213 1294 tutus

235 1326 415 1387 esset,
447 1326 544 1373 aut
560 1325 677 1372 tam
698 1316 804 1372 fuit
826 1317 1072 1386 abdituS,
1103 1326 1166 1372 ut
1190 1317 1434 1374 lateret'l
1474 1316 1629 1377 Quis
1657 1316 1962 1392 navigavit,
1981 1315 2212 1390 quinon

235 1414 299 1452 se
335 1404 439 1452 aut
481 1395 678 1451 mortis
723 1405 821 1452 aut
864 1395 1151 1452 servitutis
1192 1395 1450 1471 periculo
1492 1394 1891 1465 committeret,
1935 1375 2068 1451 οδω
2115 1403 2215 1451 aut

235 1473 452 1544 hieme,
484 1483 582 1530 aut
607 1473 817 1531 referto
840 1474 1172 1550 praedonum
1202 1473 1367 1546 mari,
1398 1474 1733 1550 navigaret?
1816 1472 1946 1530 Hoc
1986 1482 2212 1529 tantum

237 1552 475 1622 bellum,
504 1562 622 1609 tam
649 1561 832 1628 turpe,
861 1564 978 1610 tam
1007 1563 1189 1624 vetuS,
1217 1563 1336 1610 tam
1364 1552 1478 1610 late
1509 1553 1753 1610 divisum
1798 1563 1969 1626 atque
2001 1551 2214 1627 disper·
2243 1555 2312 1609 15

237 1649 389 1701 sum,
417 1630 544 1706 quis
572 1650 823 1706 unquam
853 1631 1222 1689 arbitraretur
1251 1641 1353 1689 aut
1380 1632 1452 1689 ab
1477 1631 1743 1690 omnibus
1778 1631 2215 1706 imperatoribus

239 1729 355 1767 uno
385 1729 551 1780 anno,
583 1720 680 1766 aut
705 1711 969 1769 omnibus
999 1712 1165 1768 annis
1210 1712 1281 1768 ab
1308 1728 1433 1769 uno.
1469 1711 1827 1785 imperatore,
1856 1709 2065 1767 confici
2093 1728 2218 1785 pos-

237 1789 341 1845 se‘!
421 1788 623 1850 Quam
653 1790 1003 1865 provinciam
1046 1789 1313 1847 tenuistis
1357 1809 1392 1846 a
1431 1789 1792 1865 praedonibus
1835 1788 2074 1846 liberam
2113 1807 2215 1862 per

237 1867 414 1924 hosce
443 1869 664 1926 annos'l
704 1869 855 1942 quod
887 1868 1131 1944 vectigal
1162 1869 1321 1927 vobis
1362 1878 1548 1924 tutum
1592 1868 1738 1924 fuit?
1781 1885 1950 1941 quem
1993 1866 2214 1923 socium

237 1945 610 2002 defendistis?
656 1946 751 2002 cui
783 1947 1047 2021 praesidio
1067 1947 1349 2004 classibus
1374 1946 1576 2004 vestris
1597 1946 1823 2003 fuistis?
1867 1942 2039 2020 quam
2073 1944 2216 2001 mul-
2241 1955 2315 2010 20

237 2033 327 2081 tas
356 2023 695 2081 existimatis
722 2024 938 2082 insulas
965 2045 1091 2082 esse
1118 2026 1407 2094 desertasl
1450 2022 1624 2099 quam
1667 2024 1875 2080 multas
1919 2034 2017 2093 aut
2058 2033 2215 2080 metu

238 2102 494 2173 relictas,
526 2111 624 2159 aut
653 2120 686 2158 a
709 2100 1074 2177 praedonibus
1102 2114 1318 2179 captaS,
1347 2104 1519 2160 urbes
1546 2121 1672 2160 esse
1700 2102 2017 2159 sociorum!

322 2180 472 2237 XII.
522 2171 662 2236 ‘Sed
702 2181 843 2254 quid
885 2199 994 2256 ego
1038 2182 1352 2258 longinqua
1397 2181 1818 2239 commemoro?
1917 2179 2054 2237 Fuit
2109 2180 2219 2237 hoc

242 2258 556 2332 quondam,
587 2258 694 2314 fuit
717 2259 1004 2335 proprium
1029 2260 1219 2336 populi
1248 2259 1504 2317 Romani
1531 2258 1700 2336 longo
1731 2277 1766 2315 a
1792 2258 1958 2316 domo
1985 2257 2215 2329 bellare,

245 2347 325 2405 et,
356 2336 799 2411 propugnaculis
826 2337 1067 2412 imperii,
1112 2339 1394 2396 sociorum
1442 2338 1712 2407 fortunaS,
1741 2356 1854 2395 non
1897 2356 2002 2394 sua
2042 2348 2212 2408 tecta,
2240 2348 2314 2402 25

244 2414 575 2471 defendere.
659 2415 848 2472 Sociis
876 2435 983 2492 ego
1009 2418 1208 2474 vestris
1236 2437 1394 2475 mare
1421 2417 1684 2474 clausum
1708 2436 1809 2492 per
1838 2417 2008 2474 hosce
2038 2435 2215 2474 annos

242 2494 438 2549 dicam
468 2492 663 2562 fuisse,
693 2490 827 2551 cum
855 2496 1139 2552 exercitus
1166 2497 1342 2555 nostri
1373 2515 1406 2553 a
1435 2495 1740 2553 Brundisio
1766 2514 2078 2569 nunquam,
2103 2495 2213 2552 nisi

239 2570 468 2628 summa
496 2571 706 2643 hieme,
729 2573 1183 2632 transmiserint?
1262 2574 1390 2636 Qui
1420 2576 1492 2633 ad
1520 2594 1617 2632 vos
1646 2575 1717 2631 ab
1739 2574 1947 2632 exteris
1973 2574 2215 2632 nationi-

242 2649 349 2707 bus
391 2649 670 2733 venirent‚
700 2663 895 2726 captos
935 2671 1160 2727 querar,
1206 2651 1342 2712 cum
1385 2653 1560 2731 legati
1603 2652 1792 2728 populi
1837 2652 2089 2710 Romani
2131 2673 2216 2710 re-

241 2729 457 2804 dempti
503 2729 658 2786 sint?
739 2728 1161 2804 Mercatoribus
1203 2733 1392 2791 tutum
1433 2752 1594 2789 mare
1636 2751 1750 2789 non
1784 2731 1957 2789 fuisse
1999 2732 2211 2800 dicam,
2240 2740 2313 2793 30

169 2862 174 2866 .
241 2804 378 2863 cum
406 2807 710 2864 duodecim
739 2827 971 2867 secures
998 2811 1058 2868 in
1092 2812 1423 2886 praedonum
1447 2821 1785 2888 potestatem
1811 2810 2212 2886 pervenerint}

242 2884 518 2955 Cnidum,
566 2895 664 2943 aut
707 2886 1115 2963 Colophonem,
1161 2901 1259 2947 aut
1302 2892 1563 2960 Samum,
1607 2889 1989 2947 nobilissimas
2022 2888 2212 2958 urbes,

241 2962 803 3039 innumerabilesque
832 2966 992 3037 aliaS‚
1022 2978 1217 3044 captas
1252 2988 1378 3026 esse
1422 2986 1883 3038 commemorem,
1913 2965 2051 3024 cum
2095 2985 2216 3022 ves-

239 3050 358 3099 tros
384 3053 595 3120 portuS,
627 3052 796 3117 atque
824 3063 922 3102 eos
946 3055 1140 3121 portus
1165 3048 1372 3122 quibus
1402 3047 1575 3103 vitam
1608 3056 1666 3105 et
1692 3046 1951 3121 spiritum
1981 3044 2212 3120 ducitis,

241 3120 300 3177 in
329 3120 658 3195 praedonum
690 3121 865 3178 fuisse
885 3133 1160 3201 potestate
1181 3125 1418 3183 sciatis'l
1479 3126 1576 3182 An
1605 3122 1739 3182 vero
1770 3123 2064 3200 ignorati3‚
2092 3142 2214 3198 por-
2240 3135 2313 3188 35

240 3208 365 3255 tum
393 3198 613 3255 Caietae
642 3198 1081 3259 celeberrimum
1109 3212 1278 3280 atque
1304 3203 1700 3280 plenissimum
1718 3203 1970 3272 navium,
1994 3201 2217 3276 inspec-

239 3284 401 3337 tante
426 3288 685 3350 praetore‚
716 3296 750 3335 a
774 3280 1136 3354 praedonibus
1163 3302 1288 3340 esse
1310 3283 1594 3358 direptum
1614 3302 1628 3352 ;
1658 3301 1729 3340 ex
1751 3280 1980 3337 Miseno
2002 3289 2213 3349 autem,

241 3352 369 3428 ejus
386 3353 573 3428 ‘ipsius
599 3355 823 3427 liberos,
852 3359 949 3432 qui
979 3378 1111 3417 cum
1138 3361 1502 3436 praedonibus
1531 3370 1701 3417 antea
1736 3359 1817 3427 ibi
1850 3358 2061 3414 bellurn
2092 3376 2218 3432 ges-

243 3440 428 3500 serat,
449 3450 483 3489 a
510 3433 864 3506 praedonibus
891 3457 1016 3495 esse
1044 3439 1335 3496 sublatos?
1369 3440 1374 3449 '
1417 3437 1573 3495 Nam
1615 3438 1753 3512 quid
1794 3455 1904 3511 ego
1943 3433 2216 3492 Ostiense

244 3510 692 3582 incommodum,
748 3526 916 3589 atque
970 3516 1127 3589 illam
1195 3517 1387 3575 labem
1422 3526 1430 3533 ’
1461 3527 1627 3591 atque
1684 3511 2055 3590 ignominiam
2110 3512 2220 3581 rei:
2243 3514 2314 3568 40

242 3588 510 3664 nubtiaene,
558 3595 761 3665 querar
778 3612 793 3662 ;
853 3592 1013 3663 cum,
1055 3594 1228 3671 prope
1285 3593 1744 3669 inspectantibus
1794 3589 1970 3659 vobis,
2016 3591 2217 3648 classis

244 3686 333 3737 ea,
364 3666 463 3725 cui
489 3669 685 3725 consul
715 3672 905 3746 populi
934 3671 1127 3729 Roma
1170 3674 1188 3728 i
1215 3673 1551 3748 praepositus
1593 3678 1826 3737 esset,-a
1855 3668 2218 3743 praedonibus

246 3756 412 3820 capta
442 3756 628 3821 ‘atque
670 3767 938 3823 oppressa
981 3752 1107 3806 est'l
1187 3751 1319 3820 Pro,
1355 3749 1457 3805 Dii
1501 3746 1878 3819 immortales!
1922 3757 2218 3806 tantamne

155 3824 161 3829 ’
246 3824 416 3883 unius
458 3825 706 3884 hominis
749 3826 1106 3886 incredibilis
1149 3847 1221 3886 ac
1265 3827 1462 3884 divina
1504 3824 1681 3879 virtus
1722 3835 1841 3879 tam
1882 3824 2040 3881 brevi
2079 3836 2222 3881 tem-
