2667 4242
751 293 1026 343 ORATIO
1069 294 1146 344 IN
1191 295 1267 344 M.
1313 295 1716 347 ANTONIUM.
2212 290 2335 361 135

243 439 391 498 sisse
442 457 519 496 ne
572 447 634 495 tu
689 438 922 514 quidem
975 439 1139 496 dicis,
1223 439 1307 497 At
1361 438 1567 498 Miloni
1621 460 1696 499 ne
1749 440 1940 498 favere
1993 430 2228 517 quidem

243 519 406 595 potui
432 539 444 576 :
485 516 644 594 prius
673 518 830 575 enim
858 536 978 575 rem
1008 519 1303 595 transegit,
1331 517 1506 594 quam
1546 519 1848 596 quisquam
1890 538 2023 577 eum
2051 520 2230 597 suspi-

246 609 480 656 caretur
535 598 822 655 facturum
875 616 1018 656 esse.
1102 598 1184 655 At
1224 616 1333 675 ego
1374 599 1545 655 suasi.
1630 598 1872 656 Scilicet
1912 598 1962 656 is
2004 598 2230 657 animus

245 687 375 734 erat
401 677 659 748 Milonis,
688 686 753 732 ut
790 677 1057 752 prodesse
1097 676 1446 753 reipublicae·
1469 678 1593 736 sine
1621 695 1853 736 suasore
1879 694 1994 736 non
2020 688 2226 755 posset.

247 757 335 813 At
373 757 600 814 laetatus
639 773 783 813 sum.
862 755 1030 816 Quid
1059 757 1239 833 ergo‘l
1282 756 1342 813 in
1382 756 1545 814 tanta
1583 757 1784 815 laetitia
1825 766 2052 815 cunctae
2094 757 2231 815 civi·
2300 769 2339 823 5

246 836 406 906 tatis,
435 854 529 893 me
551 853 736 892 ·unum
764 835 983 892 tristem
1011 855 1139 892 esse
1164 836 1501 911 oportebat?

328 915 687 989 Quanquam
728 914 801 971 de
842 923 1022 972 morte
1063 914 1124 972 P.
1156 913 1348 972 Clodii
1390 914 1496 972 fuit
1530 914 1769 991 quaestio
1794 934 1910 973 non
1938 915 2076 973 satis
2100 935 2233 993 pru-

249 993 457 1051 denter
497 994 598 1051 illa
634 993 869 1069 quidem
923 994 1250 1051 constituta.
1330 993 1499 1054 Quid
1552 995 1709 1052 enim
1765 994 2044 1052 attinebat
2082 994 2233 1053 nova

250 1072 384 1149 lege
411 1073 588 1147 quaeri
628 1073 702 1130 de
743 1090 812 1129 eo
852 1072 949 1146 qui
992 1073 1281 1130 hominem
1307 1073 1636 1145 occidisset,
1666 1070 1804 1130 cum
1830 1083 1980 1130 esset
2007 1072 2234 1150 legibus

248 1152 497 1225 quaestio
521 1150 870 1210 constituta?
931 1151 1234 1226 quaesitum
1276 1159 1364 1208 est
1403 1160 1615 1209 tamen.
1695 1148 1874 1212 Quod
1910 1171 2067 1228 ergo,
2097 1151 2234 1210 cum
2271 1150 2342 1214 10

251 1249 348 1288 res
392 1231 685 1308 agebatur,
733 1248 904 1288 nemo
946 1230 1008 1287 in
1046 1248 1145 1288 me
1192 1229 1369 1301 dixit3
1411 1229 1492 1301 id,
1538 1240 1623 1289 tot
1667 1231 1833 1288 annis
1872 1227 2022 1308 post,
2065 1240 2130 1288 tu
2171 1250 2235 1289 es

252 1309 524 1367 inventus
549 1309 648 1385 qui
677 1309 944 1367 diceres?
1226 1304 1231 1311 ’

334 1386 521 1449 Quod
568 1408 702 1447 vero
746 1389 943 1447 dicere
987 1406 1160 1444 ausus
1208 1407 1290 1459 es,
1335 1388 1510 1464 idque
1561 1388 1759 1446 multis
1810 1387 2019 1460 verbis,
2062 1387 2237 1465 opera
2319 1454 2326 1461 ,

253 1467 390 1524 mea
418 1467 753 1544 Pompeium
783 1486 818 1524 a
843 1465 1092 1524 Caesaris
1135 1466 1392 1525 amicitia
1429 1487 1555 1526 esse
1583 1468 1954 1545 disjunctum,
1981 1466 2057 1525 ob
2083 1482 2261 1548 eam--

254 1564 370 1621 que
398 1564 636 1603 causam
661 1546 792 1603 mea
821 1546 990 1621 culpa
1033 1545 1202 1603 civile
1243 1546 1460 1604 bellum
1500 1566 1627 1604 esse
1654 1558 1891 1617 natum3
1935 1547 1995 1604 in
2024 1565 2093 1604 eo
2120 1566 2236 1605 non
2273 1542 2343 1599 15

256 1634 323 1681 tu
362 1626 597 1700 quidem
648 1625 767 1683 tota
819 1643 902 1696 re,
945 1625 1048 1682 sed
1086 1623 1268 1701 (quod
1322 1625 1637 1683 maximum
1691 1625 1804 1706 est)
1839 1626 2234 1702 temporibus3

258 1704 485 1762 errfiSth
534 1707 541 1713 ’
2057 1714 2060 1719 '

337 1784 419 1841 X.
488 1783 617 1860 Ego
639 1781 744 1840 ·M.
786 1782 1016 1854 Bibulo,
1070 1783 1537 1860 praestantissimo
1590 1784 1736 1856 cive,
1793 1783 2049 1854 consule,
2090 1781 2237 1840 nihil

258 1862 619 1939 praetermisi,
676 1859 981 1939 (quantum
1044 1863 1241 1922 facere
1307 1863 1562 1938 enitique
1625 1862 1784 1938 potui
1868 1863 2008 1938 quin
2074 1860 2241 1920 Pom-

259 1942 455 2018 peium
513 1960 547 1998 a
599 1941 848 1998 Caesaris
901 1940 1306 2017 conjunctione
1368 1956 1686 1999 avocarem.
1802 1961 1841 1998 n
1881 1959 1995 2016 quo
2039 1943 2239 1997 Caesar
2276 1940 2350 2001 20

263 2021 373 2078 fuit
415 2020 671 2078 felicior:
714 2020 834 2096 ipse
875 2019 1031 2077 enim
1073 2020 1410 2095 Pompeium
1451 2038 1487 2076 a
1527 2020 1659 2077 mea
1700 2018 2090 2076 familiaritate
2130 2018 2244 2075 dis-

257 2099 465 2176 junxit.
548 2099 755 2157 Postea
781 2097 917 2157 vero
944 2096 1118 2174 quam
1145 2118 1208 2156 se
1240 2108 1426 2156 totum
1466 2097 1772 2173 Pompeius
1812 2096 2031 2154 Caesari
2072 2097 2246 2154 tradi-

264 2179 369 2246 dit,
412 2178 553 2253 quid
595 2194 703 2256 ego
744 2177 906 2235 illum
948 2179 1020 2235 ab
1063 2197 1134 2235 eo
1186 2176 1505 2234 distrahere
1560 2176 1843 2234 conarer?
1906 2174 2083 2235 Stulti
2121 2184 2247 2233 erat

264 2276 528 2334 sperare3
571 2258 834 2328 suadere,
864 2256 1228 2333 impudentis.
2341 2320 2346 2327 ¹

344 2337 484 2395 Duo
540 2347 734 2394 tamen
799 2345 1056 2411 tempora
1108 2335 1458 2406 inciderunt,
1513 2334 1723 2410 quibus
1777 2333 1992 2411 aliquid
2047 2342 2248 2392 contra
2281 2328 2354 2395 '25

266 2416 562 2475 Caesarem
628 2415 901 2492 Pompeio
965 2414 1261 2472 suaserim.
1345 2412 1436 2471 Ea
1500 2413 1670 2472 velim
1724 2413 2128 2490 reprehendaS,
2196 2412 2246 2471 si

265 2505 463 2573 potes:
505 2512 706 2565 unum,
748 2514 822 2552 ne
862 2493 1239 2569 quinquennii
1281 2493 1584 2570 imperium
1625 2491 1843 2550 Caesari
1883 2502 2244 2570 prorogaret3

269 2575 536 2647 alterum,
565 2593 641 2631 ne
681 2582 971 2649 pateretur
1013 2572 1167 2644 ferri,
1197 2582 1262 2629 ut
1302 2572 1555 2630 absentis
1595 2571 1719 2648 ejus
1745 2572 1892 2630 ratio
1921 2573 2245 2630 haberetur.

265 2655 542 2716 Quorum
568 2652 618 2710 si
645 2651 924 2712 utrumvis
949 2651 1379 2729 persuasissem,
1410 2651 1470 2709 in
1511 2652 1616 2709 has
1656 2651 1917 2711 miserias
1953 2669 2249 2726 nunquam

268 2732 693 2791 incidissemus.
776 2731 972 2807 Atque
1027 2731 1179 2789 idem
1234 2749 1362 2808 eg0,
1408 2728 1544 2788 cum
1592 2730 1711 2807 jam
1764 2750 1965 2789 omnes
2009 2749 2145 2807 opes
2192 2736 2250 2786 et
2285 2732 2357 2788 30

268 2828 408 2869 suas
447 2822 506 2870 et
556 2811 750 2888 populi
803 2810 1061 2869 Romani
1114 2810 1421 2887 Pompeius
1463 2810 1534 2867 ad
1578 2809 1870 2868 Caesarem
1912 2809 2247 2877 detulisset3

268 2889 518 2965 seroque
571 2908 643 2948 ea
695 2889 910 2948 sentire
952 2889 1236 2965 coepisset,
1263 2908 1390 2964 quae
1430 2908 1541 2966 ego
1581 2886 1715 2946 ante
1758 2885 1939 2946 multo
1977 2886 2252 2965 praevide-
2335 2896 2340 2902 ’

268 2989 417 3040 ram,
448 2970 759 3045 inferrique
785 2969 984 3045 patriae
1013 2968 1226 3026 bellum
1262 2967 1548 3025 nefarium
1576 2967 1867 3037 viderem;
1908 2966 2088 3041 pecie,
2118 2982 2266 3033 con-,

268 3048 508 3119 cordiae,
552 3047 998 3125 compositionis,
1043 3058 1240 3105 auctor
1281 3066 1407 3105 esse
1450 3065 1566 3104 non
1608 3045 1835 3103 destiti:
1878 3058 2120 3117 meaque
2154 3042 2254 3099 illa

270 3142 383 3186 vox
408 3137 497 3185 est
525 3139 661 3185 nota
686 3127 917 3185 multis:
979 3133 1018 3159 “
1036 3125 1294 3198 Utinam,
1323 3125 1435 3184 Cn.
1466 3122 1724 3200 Pompei,
1755 3140 1889 3180 cum
1918 3118 1988 3178 C.
2020 3120 2253 3178 Caesare
2289 3120 2362 3185 35

271 3207 611 3265 societatem
653 3216 752 3263 aut
791 3224 1086 3281 nunquam
1129 3204 1362 3277 coisses,
1407 3213 1505 3261 aut
1545 3218 1840 3277 nunquam
1884 3198 2251 3257 diremissesl

274 3277 386 3344 ‘fuit
426 3285 670 3342 alterum
710 3284 1297 3362 gravitatis,'alterum
1325 3282 1643 3360 prudentiae
1670 3281 1840 3339 tuae.’'
1926 3278 2074 3337 Haec
2102 3296 2254 3355 mea,

273 3362 362 3422 Μ.
406 3365 646 3436 Antoni,
676 3382 899 3440 semper
940 3374 998 3421 et
1039 3364 1111 3421 de
1153 3363 1424 3438 Pompeio
1463 3371 1522 3419 et
1562 3361 1635 3418 de
1677 3358 1974 3437 republica
2016 3355 2258 3414 consilia

275 3444 545 3513 fuerunt3
588 3464 713 3519 quae
757 3445 805 3500 si
854 3442 1184 3513 valuissent,
1215 3441 1541 3518 respublica
1582 3449 1759 3498 staret
1771 3459 1793 3510 .;
1836 3448 1920 3510 tu,
1948 3437 2063 3494 tuis
2098 3434 2259 3513 flagi·
2357 3518 2360 3519 ⁷

273 3523 393 3592 tiis,
421 3533 698 3599 egestate,
729 3522 987 3592 infamia,
1018 3521 1387 3580 concidisses.
2096 3553 2104 3561 -
2294 3518 2367 3575 40

358 3602 467 3659 XI.
528 3603 653 3659 ‘Sed
701 3602 827 3658 haec
868 3613 1098 3659 vetera:
1159 3600 1300 3658 illud
1343 3594 1479 3656 vero
1522 3616 1745 3668 recenS,
1790 3596 2084 3653 Caesarem
2131 3609 2261 3651 meo

278 3681 522 3739 oonsilio
583 3680 967 3738 interfectum.
1051 3680 1089 3736 J
1095 3698 1184 3737 am
1239 3697 1457 3748 vereor,
1512 3676 1715 3734 Patres
1777 3671 2132 3749 Conscripti,
2184 3690 2261 3729 ne

280 3759 460 3834 (quod
503 3759 896 3836 turpissimum
927 3760 1050 3838 ·est)
1094 3757 1592 3836 praevaricatorem
1632 3753 1774 3810 mihi
1818 3752 2142 3830 apposuisse
2182 3749 2264 3807 vi-

278 3839 438 3911 dear,
462 3839 569 3915 qui
606 3858 700 3897 me
743 3857 859 3897 non
908 3836 1092 3897 solum
1136 3837 1281 3894 meis
1322 3835 1593 3892 laudibus
1639 3841 1888 3904 ornaret,
1938 3832 2041 3889 sed
2087 3830 2263 3889 etiam
