2667 4242
679 277 953 327 ORATIO
997 277 1137 327 PRO
1178 277 1373 326 LEGE
1417 277 1748 327 MANILIA.
2228 276 2310 335 47

235 419 451 498 vigatio
477 421 852 495 conquiescit.
935 420 1033 477 Ita
1062 440 1251 496 neque
1291 440 1364 478 ex
1399 429 1585 496 portu,
1613 433 1802 494 neque
1828 437 1901 476 ex
1927 418 2210 492 decumis,

234 519 425 574 neque
464 519 537 558 ex
575 500 877 577 scriptura,
906 500 1150 576 vectigal
1193 499 1530 558 conservari'
1554 509 1753 575 potest.
1834 498 2042 560 Quare
2062 518 2211 575 saepe

233 578 410 636 totius
451 579 585 636 anni
627 580 848 636 fructus
887 598 1003 636 uno
1040 597 1266 646 rumore
1302 578 1568 655 periculi,
1598 590 1768 653 atque
1794 596 1912 635 uno
1939 577 2076 635 belli
2101 588 2213 636 ter-

232 676 382 728 rore,
414 659 710 716 amittitur.
964 698 969 703 -
2191 708 2196 713 .

313 735 457 797 Quo
482 737 717 794 tandem
747 736 938 794 animo
975 755 1103 794 esse
1143 735 1483 793 existimatis
1512 743 1611 793 aut
1650 754 1747 793 eos
1774 734 1873 809 qui
1900 735 2209 811 vectigalia
2269 733 2306 786 5

230 814 408 874 nobis*¹
427 815 733 891 pensitant,
764 825 863 872 aut
888 835 986 872 eos
1012 815 1112 889 qui
1138 823 1409 872 exercent
1438 824 1609 888 atque
1643 814 1899 890 exigunt,
1928 812 2066 871 cum
2093 813 2209 871 duo

228 912 402 968 reges
443 912 576 950 cum
618 894 881 951 maximis
921 894 1101 970 copiis
1137 890 1310 970 prope
1356 893 1581 950 adsint'l
1626 892 1762 949 cum
1800 911 1919 949 una
1944 893 2208 950 excursio

227 971 525 1044 equitatus
549 973 810 1047 perbrevi
836 982 1088 1048 tempore
1108 972 1283 1029 totius
1310 973 1447 1028 anni
1475 971 1719 1048 vectigal
1749 970 1972 1028 auferre
1996 971 2203 1047 possit3

147 1052 154 1059 ’
230 1048 374 1121 cum
401 1051 698 1125 publicani
724 1051 970 1107 familias
995 1051 1293 1121 maximas,
1322 1069 1466 1123 quas
1493 1050 1553 1106 in
1580 1050 1777 1112 salinis
1804 1050 2035 1120 habent,
2063 1068 2205 1124 quas

232 1126 297 1184 in
329 1129 504 1204 agris,
533 1147 676 1202 quas
701 1129 763 1186 in
789 1129 1060 1204 portubus
1098 1137 1267 1202 atque
1308 1129 1602 1198 custodiiS,
1631 1147 1839 1204 magno
1861 1128 2115 1204 periculo
2141 1148 2204 1186 se
2236 1130 2303 1185 10

231 1206 455 1263 habere
499 1207 859 1265 arbitrentur.
942 1207 1241 1264 Putatisne
1267 1225 1367 1263 vos
1406 1206 1519 1263 illis
1545 1207 1717 1263 rebus
1743 1207 1855 1263 frui
1879 1225 2062 1281 posse,
2092 1207 2206 1264 nisi

230 1303 353 1356 eos,
386 1285 485 1359 qui
518 1286 684 1342 ‘vobis
724 1285 999 1343 fructuosi
1040 1295 1192 1355 sunt,
1230 1285 1718 1356 conservaveritiS,
1735 1280 1861 1342 'non
1901 1283 2083 1341 solum
2114 1285 2206 1363 (ut

231 1372 410 1420 antea
437 1364 583 1443 dixi)
617 1364 961 1435 calamitate,
991 1365 1093 1421 sed
1134 1364 1309 1420 etiam
1346 1363 1691 1420 calamitatis
1719 1363 2039 1434 formidine,
2065 1363 2207 1421 libe-

229 1452 387 1499 ratos
407 1443 431 1498 'l

310 1519 455 1577 VII.
518 1522 613 1578 Ac
632 1540 707 1578 ne
728 1520 870 1578 illud
897 1522 1130 1595 quidem
1149 1520 1310 1578 vobis
1329 1519 1738 1596 negligendum
1761 1529 1866 1592 est,
1889 1521 2039 1594 quod
2060 1520 2202 1578 mihi
2234 1529 2303 1582 15

230 1617 341 1675 ego
369 1609 686 1656 extremum
712 1618 1131 1676 proposueram,
1161 1598 1297 1657 cum
1339 1618 1526 1656 essem
1565 1600 1639 1656 de
1681 1600 1815 1656 belli
1843 1600 2205 1676 generedic-

229 1685 415 1748 turus‚
444 1678 594 1752 quod
624 1679 693 1736 ad
723 1679 1029 1736 multorum
1056 1679 1207 1737 bona
1246 1678 1461 1735 civium
1501 1677 1896 1735 Romanorum
1923 1678 2201 1753 pertinet3

230 1774 472 1831 quorum
499 1756 676 1827 vobiS,
696 1777 799 1833 pro
824 1757 1010 1815 vestra
1037 1756 1340 1832 sapientia,
1357 1756 1645 1827 Quirites,
1667 1756 1933 1813 habenda
1952 1768 2040 1814 est
2059 1758 2205 1814 ratio

230 1834 555 1910 diligenter.
638 1834 794 1892 Nam
834 1845 892 1893 et
929 1834 1245 1911 publicani,
1287 1835 1547 1893 homines
1599 1844 1658 1891 et
1710 1834 2093 1892 honestissimi
2147 1845 2204 1893 et
2231 1840 2242 1849 ’

156 1938 163 1943 ·
229 1913 762 1984 ornatissimi‚'suas
801 1914 1049 1973 rationes
1089 1923 1148 1970 et
1188 1913 1382 1988 copias
1411 1913 1469 1970 in
1498 1913 1653 1970 illam
1680 1915 2031 1990 provinciam
2073 1933 2205 1971 con-
2231 1916 2304 1969 20

230 1993 522 2061 tulerunt;
552 1989 806 2076 'quoi-um
846 1993 1095 2068 ipsorum
1135 2011 1234 2067 per
1275 2010 1337 2048 se
1377 2010 1469 2048 res
1510 2002 1567 2048 et
1602 1992 1840 2049 fortunae
1868 2011 2021 2049 curae
2048 1994 2206 2048 vobis

231 2089 363 2126 esse
404 2071 633 2135 debent.
687 2068 971 2140 ‘Etenim,
1013 2070 1062 2126 si
1102 2064 1411 2144 vectigalia
1437 2089 1663 2126 unervos
1703 2089 1830 2126 esse
1877 2070 2205 2144 reipublicae

234 2167 461 2224 semper
490 2146 792 2217 duximus}
835 2161 968 2203 eum
988 2145 1154 2204 ‘certe
1184 2148 1463 2216 ordinem,
1492 2147 1589 2219 qui
1617 2158 1847 2204 exercet
1874 2147 1991 2218 illa,
2007 2142 2210 2205 'firma-

236 2236 500 2282 mentum
529 2235 865 2282 eaeterorum
891 2226 1156 2282 ordinum
1185 2223 1342 2289 recte
1373 2244 1497 2282 esse
1526 2225 1801 2282 dicemus.

319 2304 553 2368 Deinde
583 2292 1235 2381 caeterisaexfordinjbjas
1265 2303 1523 2365 homines
1550 2303 1681 2371 navi
1709 2314 1767 2362 et
1794 2303 2055 2375 industrii
2084 2324 2208 2380 par-
2233 2308 2308 2362 25

235 2382 344 2438 tim
374 2382 567 2458 ipsi-in
597 2382 743 2465 Asifz
771 2365 1151 2462 negoiiantur,
1178 2382 1389 2456 quibus
1416 2392 1512 2438 vos
1541 2378 1870 2465 absentiBus
1910 2385 2206 2442 consulere

234 2456 485 2529 debetis;
515 2463 721 2536 partim
739 2470 871 2523 su‘fas
888 2470 944 2518 et
954 2479 1181 2518 suorum
1202 2461 1261 2517 in
1279 2461 1350 2516 ea
1366 2460 1660 2536 provincia*
1674 2462 1948 2537 pecunias
1968 2482 2204 2539 magnas
2393 2512 2406 2519 -
2425 2498 2436 2525 ι

233 2539 547 2609 collocatas
587 2539 816 2599 habent.
874 2534 1028 2597 ZErit
1069 2531 1242 2615 igitur
1285 2536 1655 2596 Humanitatis
1681 2552 1901 2612 vestrae,
1930 2561 2200 2617 magnum
2458 2557 2462 2563 ’

232 2636 433 2674 eorum
474 2617 1031 2675 civium.numerum
1060 2610 1387 2696 calamitate
1413 2619 1744 2694 prohibere3
1786 2616 2098 2695 sapientire,
2127 2622 2205 2677 vi-

232 2696 392 2766 dere,
440 2697 748 2756 multorum
791 2697 1001 2753 civium
1044 2696 1431 2753 calzimitatem
1476 2712 1509 2754 a
1548 2698 1842 2774 republica
1883 2699 2203 2775 sejunctam
2231 2706 2302 2759 30

232 2793 361 2831 esse
389 2794 502 2832 non
529 2794 708 2850 posse.
791 2774 1024 2833 Etenim
1065 2775 1205 2832 illud
1245 2775 1490 2854 primum
1531 2776 1686 2851 parvi
1722 2777 1915 2847 refert,
1944 2797 2041 2834 vos
2066 2778 2206 2853 pub-

231 2852 442 2910 licanis
471 2854 678 2910 amissa
705 2854 1012 2929 vectigalia
1045 2863 1241 2928 postea
1279 2854 1517 2911 victoria
1557 2874 1912 2930 recuperare.
1995 2855 2205 2928 Neque

232 2932 391 2988 enim
446 2931 650 2989 iisdem
703 2932 1023 2989 redimendi
1080 2932 1323 2989 facultas
1364 2933 1491 3003 erit,
1527 2924 1754 3010 propter
1795 2934 2203 3003 calamitatem,
2304 2976 2312 2984 .

233 3028 424 3083 neque
454 3009 580 3066 aliis
606 3011 885 3080 voluntaS,
913 3021 1136 3086 propter
1163 3010 1441 3067 timorem.
1977 3041 1982 3045 ·

314 3087 564 3158 Deinde,
594 3089 744 3162 quod
772 3108 875 3145 nos
903 3090 1106 3146 eadem
1133 3089 1279 3146 Asia
1308 3099 1479 3163 atque
1501 3091 1653 3148 idem
1681 3088 1789 3146 iste
1818 3089 2203 3160 Mithridates,
2234 3093 2304 3146 35

234 3166 402 3224 initio
424 3167 558 3224 belli
580 3167 849 3237 Asiatici,
873 3168 1068 3225 docuit
1088 3187 1102 3237 3
1147 3168 1205 3225 id
1224 3168 1455 3241 quidem
1479 3168 1657 3240 certe,
1681 3167 2008 3224 calamitate
2031 3168 2204 3239 docti,

234 3245 514 3305 memoris.
566 3246 813 3303 retinere
866 3247 1159 3304 debemus.
1190 3250 1217 3269 ²
1242 3245 1422 3313 Nam,
1451 3256 1573 3303 tum
1628 3245 1761 3305 cum
1817 3247 1875 3303 in
1924 3247 2070 3303 Asia
2118 3266 2207 3303 res

236 3340 483 3399 magnas
517 3324 783 3399 permulti
827 3324 1151 3396 amiserant,
1194 3326 1429 3395 scimuS,
1460 3326 1685 3395 Romae,
1714 3325 1993 3382 solutione
2036 3326 2209 3399 impe-

238 3402 383 3472 dita,
424 3400 975 3469 fidemcoucidisse.
1057 3403 1193 3461 Non
1235 3404 1391 3461 enim
1436 3415 1671 3480 possunt
1717 3403 1834 3459 una
1876 3404 1936 3459 in
1977 3403 2208 3459 civitate
2385 3462 2392 3467 ,

238 3480 409 3536 multi
446 3496 570 3537 rem
608 3491 779 3556 atque
820 3483 1073 3557 fortunas
1115 3482 1397 3553 amittere,
1426 3493 1489 3540 ut
1527 3502 1642 3540 non
1682 3481 1874 3556 plures
1910 3499 2105 3536 secum
2149 3481 2207 3538 in
2237 3479 2307 3539 40

239 3559 489 3617 eandem
548 3559 933 3637 calamitatem
986 3562 1232 3617 trahant.
1316 3561 1374 3616 A
1434 3581 1546 3635 quo
1599 3560 1857 3635 periculo
1914 3558 2208 3631 prohibete

240 3634 673 3715 rempublicam,
697 3649 756 3697 et
775 3639 916 3696 mihi
939 3639 1176 3709 credite,
1201 3637 1310 3713 (id,
1333 3640 1483 3711 quod
1513 3639 1617 3712 ipsi
1643 3635 1876 3712 ridetis)
1903 3637 2026 3692 haec
2049 3636 2206 3709 fides,

242 3727 413 3790 atque
448 3716 578 3775 haec
620 3718 765 3775 ratio
805 3717 1201 3791 pecuniarum,
1245 3708 1371 3788 quae
1412 3716 1637 3783 Romae,
1667 3732 1791 3786 quae
1834 3714 1896 3809 ip
1933 3714 2052 3772 foro
2091 3720 2209 3774 ver-

190 3806 419 4011 (satur,
448 3794 730 3870 implicita
756 3805 842 3852 est
882 3795 1169 3867 cumillis
1207 3793 1471 3867 pecuniis
1517 3791 1814 3858 Asiaticis,
1842 3803 1901 3847 et
1946 3795 2647 3915 oehaeret'ffi

227 3872 447 3947 Baete
474 3872 573 3950 illa
599 3894 714 3931 non
741 3870 996 3949 possunt,
1025 3882 1089 3945 ut
1129 3873 1255 3927 haec
1295 3887 1409 3940 non
1450 3867 1653 3938 eodem
1687 3866 2031 3942 labefactata
2057 3881 2212 3926 motu
