2667 4242
725 279 1001 331 §RATIO
1047 271 1189 331 PRO
1230 279 1306 329 Μ.
1351 276 1766 328 MARCELLO.
2261 281 2342 340 07
2388 353 2399 363 ·

248 423 510 494 filerunt,
543 435 642 482 aut
669 424 773 481 suii
800 423 1122 500 pertinacia
1166 423 1342 479 vitam
1394 422 1725 492 amiserunt,
1758 431 1857 478 aut
1883 420 1982 478 tufi
2020 420 2239 479 miseri-

249 504 452 561 cordia
484 505 875 572 retinuerunt,
918 515 981 560 ut
1023 512 1122 558 aut
1167 502 1309 559 nulli
1354 500 1638 578 supersint
1684 501 1756 558 de
1804 500 2074 570 inimicis,
2119 510 2238 572 aut,

247 582 351 657 qui
381 584 805 657 superfuerunt,
836 581 970 638 sint
980 579 1332 638 amicissimi.
2189 608 2196 614 ·

335 662 452 717 Sed
484 674 698 730 tamen,
729 659 863 717 cum
896 661 951 717 in
986 659 1193 716 animis
1224 659 1518 719 bominum
1559 668 1733 715 tantae
1774 656 2007 714 latebrae
2035 655 2151 715 sint
2178 668 2238 715 et

246 740 399 795 tanti
463 758 745 809 recessus,
803 757 1118 814 augeamus
1176 736 1317 794 sane
1376 738 1759 812 suspicionem
1814 746 2003 792 tuam:
2065 736 2234 794 simul
2304 748 2341 801 5

247 818 408 874 enim
459 785 798 894 augebimus
842 816 1217 892 diligentiam.
1320 814 1474 872 Nam
1523 816 1651 890 quis
1693 825 1781 872 est
1819 813 2076 873 omnium
2118 825 2235 871 tam

246 896 492 971 ignarus
539 915 747 965 rerum,
778 906 893 951 tam
939 895 1096 952 rudis
1140 894 1198 951 in
1244 913 1306 951 re
1349 895 1603 984 publica,
1633 905 1750 950 tam
1797 893 1938 951 nihil
1982 912 2236 967 unquam

245 993 365 1030 nec
397 975 469 1031 de
499 993 601 1030 sua
634 994 743 1031 nec
771 975 843 1030 de
872 974 1162 1033 communi
1191 973 1400 1030 salute
1421 975 1701 1063 cegitanS,
1731 972 1828 1046 qui
1873 992 1985 1031 non
2032 972 2238 1029 intelli-

245 1064 372 1128 gat,
396 1054 498 1109 tua
527 1054 711 1110 salute
755 1052 1035 1111 contineri
1085 1071 1269 1121 suam,
1299 1063 1360 1108 et
1401 1071 1471 1108 ex
1499 1054 1671 1109 unius
1703 1051 1803 1107 tua
1831 1051 1947 1106 vita
1985 1052 2237 1127 pendere

243 1131 556 1188 omnium?
641 1132 946 1205 Equidem,
976 1131 1049 1187 de
1076 1142 1133 1187 te
1162 1131 1287 1186 dies
1334 1140 1647 1219 nectesque
1691 1130 1785 1205 (ut
1831 1130 2039 1207 debeo)
2085 1130 2237 1205 cogi-
2273 1137 2341 1187 10

245 1220 405 1279 tam,
438 1229 608 1267 casus
635 1211 912 1266 duntaxat
962 1210 1259 1277 humanos,
1289 1218 1347 1264 et
1391 1209 1641 1266 incertos
1683 1219 1921 1266 eventus
1962 1208 2239 1264 valetudi-

244 1288 364 1357 niS,
396 1298 455 1344 et
496 1301 712 1345 naturae
756 1288 1077 1355 communis
1119 1286 1507 1363 fragilitatem,
1549 1288 1897 1345 extimesco:
1940 1287 2236 1360 dnleoque,

246 1365 392 1423 cum
423 1368 748 1442 respublica
778 1366 1111 1423 immertalis
1139 1385 1264 1422 esse
1293 1367 1519 1436 debeat,
1549 1385 1680 1423 eam
1717 1366 1793 1422 in·
1822 1364 1992 1422 unius
2032 1376 2240 1423 morta-

245 1446 329 1502 lis-
355 1446 549 1505 anima
579 1446 906 1502 consistere.
992 1445 1056 1501 Si
1098 1442 1253 1514 verb,
1299 1445 1370 1500 ad
1413 1446 1692 1505 humanos
1734 1463 1921 1514 casus,
1965 1444 2237 1507 incertos·
2273 1452 2304 1463 ““

246 1543 367 1598 que
397 1536 636 1581 eventus
679 1524 1039 1593 valetudiniS,
1085 1523 1319 1580 sceleris
1366 1524 1540 1580 etiam
1590 1523 1831 1580 accedat
1873 1523 2237 1580 insidiarum·
2272 1518 2340 1573 15

246 1622 368 1677 que
424 1603 757 1672 consensi03
799 1621 971 1676 quern
1013 1602 1224 1673 Deum,
1268 1601 1317 1658 si
1362 1602 1575 1678 cupiat,
1617 1600 1883 1678 opitulari
1921 1620 2087 1678 posse
2128 1602 2236 1659 rei·

244 1681 504 1757 publicae
534 1684 839 1740 credamus
863 1684 885 1736 2

333 1760 511 1817 VIII.
581 1758 798 1817 &mnia
841 1769 973 1816 sunt
1015 1740 1321 1816 excitanda
1373 1759 1498 1830 tibi,
1554 1759 1623 1817 C.
1669 1759 1885 1830 Caesar,
1929 1757 2052 1830 uni,
2107 1778 2236 1834 quae

257 1838 465 1913 jacere
494 1840 690 1910 sentiS,
719 1839 853 1896 belli
887 1838 1060 1913 ipsius
1090 1838 1301 1913 impetu
1334 1839 1511 1912 (quud
1540 1858 1779 1896 necesse
1808 1838 1940 1916 fuit)
1971 1839 2236 1913 perculsa

246 1929 428 1992 atque
457 1929 766 1993 prestrata:
810 1918 1212 1974 constituenda
1249 1917 1489 1992 judicia,
1520 1918 1844 1977 revocanda
1889 1917 2050 1987 fides,
2081 1936 2234 1989 com,-
2265 1910 2339 1964 2⁰

242 1996 570 2085 primendae
597 1997 885 2066 libidines,
915 1997 1279 2072 propaganda
1307 1997 1562 2057 soboles:
1602 1995 1816 2065 omnia,
1846 2015 1971 2070 quae
2014 1996 2266 2075 dilapsa

252 2076 382 2150 jam
440 2075 742 2145 fluxerunt,
798 2075 1013 2131 severis
1065 2074 1290 2150 legibus
1345 2075 1653 2132 vincienda
1691 2084 1839 2131 sunt.
1949 2072 2084 2131 Non
2128 2070 2266 2132 suit
2289 2078 2564 2179 Χ

243 2155 659 2224 recusandum,
690 2154 749 2211 in
775 2164 944 2211 tanto
974 2153 1128 2211 civili
1173 2153 1342 2223 bello,
1375 2163 1649 2226 tantoque
1677 2153 1997 2210 animorum
2034 2154 2234 2210 ardore

243 2244 306 2289 et
340 2252 647 2305 armorum,
677 2234 814 2307 quin
844 2243 1113 2308 quassata
1140 2231 1485 2307 respublica,
1516 2231 1845 2306 quicunque
1891 2230 2023 2287 belli
2067 2250 2234 2294 even-

242 2324 346 2368 tus
376 2296 594 2381 fuisset‚
633 2278 813 2369 inulta
858 2313 1121 2387 perderet
1147 2321 1225 2368 ·et
1269 2321 1609 2368 ornamenta
1656 2309 1970 2385 dignitatis,
2011 2321 2068 2366 ut
2095 2330 2234 2386 prae-
2263 2312 2338 2367 25

241 2391 401 2447 sidia
429 2391 754 2447 stabilitatis
782 2409 935 2447 suoe:
978 2391 1271 2464 multaque
1300 2400 1541 2464 uterque
1569 2389 1685 2446 dux
1715 2389 1930 2446 faceret
1959 2400 2229 2461 armatus»,

240 2489 378 2545 quae
448 2470 597 2527 idem
665 2480 893 2545 togatus
959 2468 1083 2526 fieri
1148 2469 1545 2544 prohibuisset.
1626 2467 1781 2529 Quae
1838 2468 2069 2542 quidem
2124 2436 2232 2526 tibi

239 2549 447 2606 omnia
478 2548 609 2605 belli
638 2549 875 2609 vulnera
915 2548 1173 2606 curanda
1198 2557 1364 2618 sunt;
1408 2547 1635 2622 quibuS,
1661 2558 1865 2623 praeter
1907 2559 1983 2618 te,
2012 2544 2230 2606 mederi

241 2645 424 2685 nemo
450 2625 686 2703 potest?
782 2644 786 2650 ·
1533 2656 1538 2661 ·

332 2705 536 2779 Itaque
568 2706 723 2762 illam
740 2716 898 2763 tuam
914 2705 1410 2782 praeclarissimam
1440 2715 1497 2763 et
1523 2704 2001 2780 sapientissimam
2027 2725 2229 2763 vocem
2262 2727 2335 2781 30

242 2784 464 2841 invitus
525 2785 752 2842 audivi:
813 2784 1028 2841 “Satis
1085 2784 1184 2841 diu
1241 2784 1325 2841 vel
1389 2795 1608 2842 naturae
1667 2784 1801 2855 vixi,
1843 2785 1930 2842 vel
1973 2785 2223 2860 gloriae.'’

242 2863 426 2932 Satis,
469 2863 516 2920 si
577 2863 655 2920 ita
715 2864 819 2933 viS,
876 2882 1094 2921 naturae
1151 2863 1420 2933 fortasse3
1482 2864 1637 2921 addo
1685 2864 1879 2934 etiam,
1922 2863 1971 2920 si
2017 2864 2226 2939 placet,

208 2943 479 3018 ·gleriae:
525 2953 582 2999 at
612 2943 789 3033 (quod
818 2942 1131 2999 maximum
1151 2944 1264 3020 est)
1289 2943 1485 3017 patriae
1515 2942 1672 3000 certe
1702 2962 1919 3019 parum.
2000 2943 2226 3014 Quare,

237 3022 722 3096 omitte,q11aeso,
770 3022 935 3077 istam
991 3021 1286 3078 doctorum
1343 3022 1635 3079 hominum
1691 3023 1749 3079 in
1805 3022 2226 3079 contemnenda

240 3100 854 3181 mprudentiam:
898 3099 1012 3163 nuli
1059 3113 1250 3157 nostr·
1290 3100 1548 3176 periculo
1579 3101 1806 3176 sapiens
1833 3119 1975 3156 esse.
2061 3101 2225 3174 Saepe
2259 3111 2331 3165 35

239 3178 589 3267 enm-mah
616 3179 689 3235 ad
720 3197 886 3235 aures
912 3197 1090 3247 meas,
1119 3189 1176 3236 te
1204 3178 1357 3235 idem
1388 3179 1538 3236 istud
1576 3179 1748 3236 nimis
1777 3177 1980 3235 creer
2010 3178 2225 3247 dicere,
2353 3148 2608 3303 N

238 3256 442 3329 suff„
486 3272 590 3310 m
633 3256 854 3313 vixisse.
938 3224 1163 3316 Credo:
1206 3259 1308 3315 sed
1350 3268 1470 3315 tum
1501 3258 1558 3314 id
1603 3258 1881 3327 audirem,
1911 3256 1958 3313 si
1987 3255 2092 3312 tibi
2121 3256 2226 3312 seli

259 3363 263 3369 ·
296 3373 438 3394 .
504 3344 620 3409 fit
644 3335 692 3392 si
721 3336 823 3392 tibi
854 3336 1027 3393 etiam
1059 3337 1161 3401 soli
1190 3347 1361 3394 natus
1388 3356 1558 3394 esses.
1644 3337 1841 3405 Nunc,
1871 3354 2004 3392 cum
2046 3334 2229 3392 omni-

306 3414 466 3485 *
523 3421 606 3488 ’μς-ε
646 3414 859 3471 civium
891 3427 1276 3490 cunctamque
1318 3416 1731 3491 rempublicam
1777 3434 1867 3471 res
1911 3424 2021 3470 tuae
2050 3424 2224 3489 gestae

240 3487 1001 3563 ...1222i..-.}'··1,tantum
1048 3495 1183 3551 abes
1227 3513 1261 3551 a
1302 3495 1653 3570 perfectione
1695 3494 2068 3555 maximorum
2097 3511 2227 3567 epe—
2258 3500 2330 3555 40

652 3584 928 3643 amenta,
958 3593 1084 3647 quae
1129 3573 1367 3648 cogitaS,
1398 3575 1649 3630 nondum
1690 3570 1915 3647 jeceris,
2003 3571 2121 3628 Hic
2162 3582 2224 3628 tu

648 3652 798 3721 vitae,
828 3672 941 3710 non
984 3652 1167 3708 salute
1216 3653 1565 3727 reipublicae,
1596 3652 1695 3708 sed
1730 3649 1996 3724 aequitate
2026 3650 2222 3721 animi,

492 3734 531 3777 s
582 3666 793 3801 Quid,
838 3731 886 3786 si
928 3730 1078 3787 istud
1122 3750 1196 3787 ne
1240 3731 1434 3806 gloriae
1479 3731 1711 3804 quidem
1760 3740 1871 3786 tuae
1918 3730 2057 3786 satis
2097 3732 2223 3788 est'l

202 3792 499 3889 ‘mia
543 3826 673 3871 esse
701 3776 1112 3881 avidissimum,
1141 3809 1399 3885 quamvis
1427 3809 1505 3866 sis
1547 3807 1794 3884 sapienS,
1822 3828 1937 3869 mn
1964 3809 2228 3887 negabis
