2667 4242
359 305 443 367 52
686 344 693 350 .
913 301 1187 353 ORATIO
1234 302 1374 352 PRo
1416 302 1612 353 LEGE
1655 301 1989 353 MANILIA.

457 438 593 521 pore
645 445 836 503 lucem
891 445 1095 503 afferre
1147 445 1478 522 reipublicae
1533 446 1732 522 potuit,
1787 455 1852 503 ut
1916 464 2034 515 vos,
2099 444 2199 520 qui
2268 444 2451 504 modo

461 538 593 583 ante
623 525 832 581 ostium
875 523 1221 582 Tiberinum
1265 525 1508 582 classem
1556 525 1801 583 hostium
1848 523 2147 595 videbatiS,
2192 523 2235 582 ii
2276 543 2449 581 nunc

461 605 675 661 nullam
722 604 871 660 intra
911 601 1139 660 Oceani
1181 604 1389 661 ostium
1432 604 1776 694 praedonum·
1807 622 2012 661 navem
2055 622 2182 660 esse
2238 603 2425 659 audia

459 683 571 739 tis'l
655 682 866 757 Atque,
898 681 1022 739 haec
1048 682 1161 756 qui
1190 682 1485 740 celeritate
1527 692 1692 759 gesta
1732 684 1866 753 sint,
1909 699 2237 756 quanquam
2281 681 2460 759 vide-

392 764 430 817 5
460 762 551 830 tis,
595 771 788 818 tamen
832 779 866 817 a
907 779 1002 817 me
1045 761 1104 818 in
1151 761 1400 818 dicendo
1440 762 1838 838 praetereunda
1888 779 2003 817 non
2045 771 2195 817 sunt.
2276 732 2460 821 Quis

457 842 612 897 enim
645 857 913 914 unquam,
944 848 1043 895 aut
1066 839 1318 898 obeundi
1350 839 1565 916 negotii
1608 851 1707 897 aut
1749 838 2137 914 consequendi
2180 837 2445 913 quaestsis

457 919 664 988 studi0,
692 928 811 974 tam
830 917 985 974 brevi
972 928 1285 1011 tempore,
1312 929 1395 976 tot
1436 918 1564 979 loca
1607 919 1786 989 adire,
1814 928 2002 975 tantos
2027 928 2230 974 cursus
2259 917 2445 988 confi,-

458 1016 610 1066 cere,
638 996 840 1072 potuit,
867 983 1040 1071 qua'r'n
1069 995 1354 1068 celeriter,
1382 996 1492 1055 Cn.
1524 997 1793 1073 Pompeio
1819 997 1990 1067 duce,
2020 995 2155 1053 belli
2185 995 2446 1085 impetus

458 1076 784 1152 navigavit?
825 1075 943 1150 qui,
972 1075 1226 1133 nondum
1254 1075 1589 1152 tempestivo
1617 1076 1689 1133 ad
1715 1075 2110 1156 navigandum
2145 1073 2312 1144 mari,
2345 1074 2446 1131 Si-

364 1154 430 1209 10
458 1154 653 1211 ciliam
682 1153 841 1224 adiit,
872 1153 1133 1211 Africam
1161 1154 1503 1229 exploravit3
1547 1155 1682 1212 inde
1721 1153 2054 1211 Sardiniam
2082 1171 2217 1209 cum
2246 1152 2445 1210 classe

457 1234 645 1303 venit·;
691 1243 858 1307 atque
887 1233 1011 1290 haec
1037 1233 1149 1290 tria
1176 1232 1550 1293 frumentaria
1576 1233 1834 1290 subsidia
1872 1231 2202 1328 reipublicae
2229 1230 2445 1288 firmis-

458 1312 618 1370 simis
644 1312 923 1387 praesidiis
941 1311 1333 1386 classibusque
1360 1312 1618 1369 munivit.
1701 1311 1849 1368 Inde
1867 1329 2000 1368 cum
2030 1329 2093 1367 se
2111 1309 2170 1366 in
2199 1308 2442 1367 Italiam

460 1391 787 1466 recepisset,
817 1391 1041 1447 duabus
1071 1389 1375 1480 Hispaniis
1408 1401 1467 1448 et
1492 1390 1685 1448 Gallia
1714 1389 2011 1464 Cisalpina
2038 1388 2320 1478 praesidiis
2364 1407 2443 1445 ac

461 1470 701 1525 navibus
744 1468 1098 1540 confirmata,
1128 1468 1317 1525 missis
1361 1469 1498 1527 item
1543 1470 1602 1527 in
1628 1487 1787 1526 oram
1816 1467 2034 1544 Illyrici
2062 1466 2256 1537 maris»,
2285 1476 2343 1524 et
2376 1467 2444 1525 in

363 1551 431 1605 15
460 1548 750 1604 Achaiam
801 1565 1142 1622 omnemque
1184 1548 1495 1619 Graeciam,
1538 1548 1800 1617 navibus,
1846 1545 2029 1605 Italiae
2082 1546 2198 1603 duo
2249 1545 2445 1603 maria

459 1626 724 1683 maximis
777 1625 1057 1682 classibus
1110 1625 1562 1703 firmissimisque
1603 1625 1883 1703 praesidiis
1937 1624 2267 1687 adornavit:
2311 1624 2443 1700 ipse

461 1714 673 1774 autem,
704 1713 766 1759 ut
795 1722 829 1761 a
856 1704 1163 1762 Brundisio
1203 1705 1490 1780 profectus
1536 1717 1642 1776 est,
1671 1702 2300 1780 undequinquagesimo
2338 1704 2445 1760 die

458 1792 636 1839 totam
667 1782 781 1839 ad
767 1783 1066 1858 imperium
1094 1783 1284 1859 populi
1313 1784 1584 1849 Romani
1597 1784 1868 1842 Ciliciam
1892 1782 2180 1859 adjunxit:
2209 1800 2442 1854 omnes,

458 1862 556 1935 qui
587 1861 796 1950 ubique
821 1863 1115 1937 praedones
1144 1862 1393 1934 fuerunt,
1421 1863 1642 1940 partim
1669 1863 1820 1939 capti
1839 1861 2248 1936 interfectique
2278 1870 2443 1931 sunt,

359 1951 432 2004 20
459 1939 664 2015 partim
695 1939 864 1997 unius
893 1940 1101 2016 hujus
1089 1941 1324 2017 imperio
1353 1961 1423 1999 ac
1447 1941 1711 2019 potestati
1741 1960 1801 1998 se
1823 1941 2179 2003 dediderunt.
2265 1938 2444 1997 Idem

459 2018 855 2090 CretensibuS,
885 2017 1019 2077 cum
1051 2019 1121 2076 ad
1149 2039 1283 2077 eum
1312 2039 1492 2097 usque
1536 2021 1594 2078 in
1638 2012 2032 2100 Pamphyliam
2076 2018 2296 2094 legatos
2338 2018 2444 2075 de-

461 2110 896 2175 precatoresque
939 2098 1246 2169 misissent,
1291 2119 1451 2175 spem
1494 2092 1800 2157 deditionis
1845 2118 1960 2156 non
2011 2097 2242 2167 ademit,
2282 2096 2447 2154 obsi-

460 2177 673 2252 desque
701 2180 1039 2253 imperavtt·
1100 2177 1192 2235 lta
1233 2189 1458 2236 tantum
1502 2179 1736 2249 bellum,
1763 2186 1883 2235 tam
1927 2178 2282 2246 diuturnum,
2312 2186 2442 2234 tam

459 2255 629 2332 longe
660 2256 890 2332 lateque
918 2257 1257 2333 dispersum,
1287 2266 1400 2331 quo
1426 2257 1577 2315 belio
1600 2276 1800 2314 omnes
1826 2267 2029 2333 gentes
2063 2273 2133 2311 ac
2166 2254 2443 2311 nationes

360 2345 431 2401 25
458 2337 881 2411 premebantur,
911 2335 1020 2393 Cn.
1046 2335 1351 2412 Pompeius
1377 2336 1629 2394 extrema
1660 2337 1850 2394 hieme
1869 2333 2176 2412 apparavit,
2196 2333 2443 2391 ineunte

459 2432 591 2470 vere
619 2414 888 2489 suscepit,
919 2414 1111 2470 media
1140 2424 1334 2485 aestate
1364 2415 1630 2473 confecit.

538 2490 716 2548 X111.
788 2492 892 2548 Est
922 2492 1045 2548 haec
1072 2492 1267 2550 divina
1295 2504 1466 2567 atque
1514 2492 1868 2551 incredibilis
1910 2491 2090 2549 virtus
2132 2488 2443 2566 imperato-

138 2607 146 2615 ·
458 2569 555 2627 ris,
636 2569 813 2640 Q
834 2579 1076 2640 caeterae,
1104 2589 1246 2645 quas
1274 2570 1447 2648 paqu
1478 2571 1611 2629 ante
1646 2589 2094 2630 commemorare
2122 2587 2440 2644 coeperam,

134 2606 695 2773 squamae
716 2659 885 2722 atque
911 2647 1084 2722 quam
1114 2650 1305 2707 multae
1333 2651 1500 2709 sunt!
1582 2649 1718 2707 Non
1761 2651 1917 2708 enim
1960 2645 2144 2706 solum
2174 2644 2439 2705 bellandi

360 2739 433 2793 30
460 2737 638 2782 virtus
678 2745 741 2782 ιιι
794 2745 1016 2784 summo
1060 2737 1228 2803 atque
1254 2729 1524 2818 Ηρειΐεοῐο
1577 2729 1913 2805 imperatore
1964 2725 2272 2815 quaerenda
2312 2735 2438 2796 est3

422 2804 561 2861 sed
589 2804 781 2862 multae
826 2817 958 2863 sunt
987 2817 1137 2863 artes
1179 2807 1424 2878 eximiae,
1470 2807 1640 2883 hujus
1686 2807 2033 2865 administrae
2078 2803 2441 2878 comitesque

461 2883 703 2940 virtutiS.
788 2884 905 2953 Ac,
933 2882 1202 2959 primum,
1230 2886 1445 2960 quanta
1487 2886 1820 2944 innocentia
1862 2886 2075 2944 debent
2101 2902 2228 2941 esse
2256 2882 2442 2959 impe-

459 2963 707 3019 ratores!
776 2963 991 3037 quanta
1057 2963 1268 3022 deinde
1332 2964 1599 3022 omnibus
1655 2964 1716 3023 in
1781 2964 1952 3021 rebus
2015 2961 2437 3037 temperantia!

459 3041 673 3115 quanta
702 3041 844 3098 fide!
904 3043 1117 3117 quanta
1163 3042 1470 3100 facilitate!
1513 3053 1726 3118 quanto
1748 3041 2031 3133 ‘ingeniol
2074 3039 2290 3115 quanta
2332 3040 2441 3097 hu-

362 3133 432 3187 35
461 3121 766 3178 manitatel
824 3119 999 3192 Quae,
1043 3121 1310 3193 breviter,
1354 3121 1548 3197 qualia
1589 3123 1704 3179 sint
1747 3122 1804 3205 ip
1839 3121 1948 3178 Cn.
1978 3119 2270 3194 Pompeio,
2299 3138 2440 3176 con-

459 3199 791 3256 sideremus.
878 3200 1118 3257 Summa
1175 3200 1331 3258 enim
1388 3200 1584 3258 omnia
1640 3210 1793 3271 sunt,
1843 3199 2143 3261 Quirites:
2201 3197 2304 3254 sed
2363 3214 2440 3255 ea

460 3278 645 3353 magis
686 3297 758 3334 ex
790 3278 1028 3336 aliorum
1059 3279 1446 3349 contentione,
1474 3277 1646 3354 quam
1690 3279 1966 3367 ips-aja
1981 3297 2128 3348 sese,
2159 3275 2440 3352 cognosci

461 3367 630 3431 atque
659 3356 898 3433 intelligi
925 3365 1175 3433 possunt.

536 3434 732 3525 Quem
762 3435 917 3493 enim
957 3454 1255 3512 possumus
1298 3435 1696 3510 imperatorem
1740 3433 1980 3510 aliquo
1963 3454 2027 3491 ιιι
2068 3444 2312 3503 numetn

320 3511 323 3513 ’
362 3514 432 3571 40
461 3522 602 3582 tare,
633 3513 798 3588 qu'us
828 3515 885 3571 in
915 3514 1171 3571 exercitu
1200 3525 1447 3571 veneant
1490 3514 1844 3572 centuriatus
1893 3524 2061 3588 atque
2108 3508 2303 3571 veniet·
2371 3448 2472 3571 Ϊ-

461 3590 598 3679 quid
654 3591 808 3649 hunc
864 3593 1151 3650 hominem
1208 3611 1522 3668 magnum
1539 3604 1637 3650 aut
1682 3593 1928 3668 amplum
1977 3593 2048 3648 de
2093 3610 2154 3647 re
2197 3580 2534 3667 public-‘L'-

463 3669 736 3743 cogitare‚
783 3672 881 3746 qui
924 3671 1251 3747 pecuniam,
1296 3691 1369 3727 ex
1415 3672 1616 3729 oerario
1661 3672 2047 3758 depromptam
2098 3669 2168 3725 ad
2217 3666 2492 3739 benum-53

467 3747 1000 3818 administrandum,
1046 3759 1162 3819 aut,
1190 3760 1414 3824 propter
1459 3751 1830 3838 cupiditatem
1873 3747 2198 3823 provinciae,
2227 3746 2486 3821 magia-1·-

465 3822 708 3880 tratibus
734 3825 1008 3897 diviserit,
1038 3837 1137 3882 aut
1161 3836 1384 3902 propter
1416 3828 1712 3884 avaritiam
1756 3826 2001 3883 Romae
1988 3846 2047 3883 ιιι
2090 3834 2311 3899 quaestu
2352 3842 2462 3891 rea
