2667 4242
624 292 899 343 ORATIO
943 251 1085 343 PRO
1128 292 1189 345 Τ.
1237 293 1468 342 ANNIO
1513 293 1814 342 MILONE.
2197 294 2312 353 ll?

217 436 525 496 servasset.
606 434 781 495 Multi
808 436 984 495 etiam
1008 435 1331 495 Catilinam
1370 447 1540 512 atque
1581 437 1681 495 illa
1717 446 1981 513 portenta
2016 436 2210 510 loque-

218 517 470 574 bantur:
514 515 826 591 Erumpet3
867 515 1178 591 occupabit
1219 516 1469 589 aliquem
1498 517 1723 585 locum3
1769 517 1988 573 bellum·
2007 517 2210 592 patriae

218 596 417 655 faciet.
502 594 751 652 Miseros
778 595 1064 653 interdum
1094 594 1269 665 civae,
1288 594 1502 671 optime
1527 596 1599 652 de
1620 595 1914 670 republica
1939 594 2210 652 meritosl

218 675 283 732 in
311 674 524 750 quibus
564 674 824 732 homines
865 694 978 731 non
1019 672 1189 731 modo
1226 693 1319 731 res
1358 674 1823 750 praeclarissimas
1861 674 2208 731 obliviscun-

216 763 335 825 tur,
365 754 471 811 sed
497 752 675 810 etiam.
701 752 952 811 nefarias
991 752 1374 829 suspicantur.
1459 753 1614 830 Ergo
1642 753 1740 810 illa
1770 753 1911 811 falsa
1940 752 2202 810 fuerunt:
2273 754 2311 806 5

214 852 350 908 qua’
390 829 564 890 certe.
582 851 718 889 vera
752 832 1121 902 exstitissent,
1150 832 1199 888 si
1241 831 1396 889 Milo.
1428 832 1752 891 admisisset
1791 831 2028 908 aliquid,
2053 831 2210 908 quod

215 932 336 970 non
366 921 557 987 posset
585 909 821 969 honeste
852 910 1100 985 vereque
1127 910 1457 968 defendere.
1915 906 1924 915 ’

160 1062 167 1065 Δ
303 989 537 1057 XXIV.
605 989 813 1052 Quid?
867 1009 995 1065 quae
1035 1000 1231 1066 postea
1271 1000 1408 1047 sunt
1447 991 1504 1048 in
1547 1008 1684 1048 eum
1723 1001 2015 1067 congesta,
2048 989 2208 1067 (quae

215 1070 503 1144 quemvis,
548 1068 723 1126 etiam
767 1069 1142 1128 mediocrium
1188 1069 1531 1126 delictorum
1580 1068 1957 1139 conscientia,
2003 1087 2180 1145 percu

214 1148 450 1226 lissent)
517 1158 580 1205 ut
645 1148 946 1206 sustinuit!
1027 1147 1129 1205 Dii
1197 1148 1579 1206 immortales!
1649 1148 1962 1205 sustinuit?
2029 1148 2208 1205 immo
2241 1142 2309 1197 Μ

116 1302 123 1307 .
215 1225 380 1317 γει-ὸ,
410 1237 475 1284 ut
502 1227 863 1303 contempsit,
894 1245 965 1284 ac
1002 1246 1105 1303 pro
1144 1227 1326 1284 nihilo
1370 1227 1621 1303 putavit!
1681 1245 1807 1301 quae
1836 1240 2022 1316 neque
2050 1230 2210 1284 max-4

216 1325 339 1364 uno
394 1306 589 1364 animo
653 1325 888 1377 nocens,
943 1324 1131 1381 neque
1184 1306 1483 1377 innocens,
1540 1305 1651 1363 nisi
1707 1306 2044 1363 fortissimus
2071 1305 2206 1378 sir,

214 1385 520 1462 negligere
566 1384 856 1461 potuisset.
943 1385 1272 1455 scutorum,
1317 1385 1660 1461 gladiorum,
1710 1385 2033 1458 fr'aengrum,
2082 1403 2211 1461 spa-

216 1483 437 1535 rorum,
467 1463 823 1540 pilorumque
852 1463 1384 1534 etiam,·mul'titudo
1416 1464 1764 1540 deprehendi
1793 1482 1957 1540 posse
1987 1463 2208 1522 indica-

217 1543 410 1600 batur.
493 1541 739 1600 Nullum
783 1543 843 1600 in
890 1542 1049 1601 Urbe
1093 1541 1306 1613 vicum,
1363 1543 1584 1600 nullum
1640 1543 2020 1619 angiportum,
2075 1562 2201 1601 esse
2239 1544 2307 1597 15

217 1622 517 1692 dicebant,
549 1622 609 1680 in
637 1641 751 1696 quo
790 1621 999 1679 Miloni
1037 1632 1333 1679 non-esset
1361 1623 1649 1680 conducta
1675 1622 1911 1680 domus:
1956 1640 2115 1679 arma
2142 1622 2211 1681 in.

215 1700 418 1758 villam
458 1699 877 1758 Ocriculanam
918 1700 1163 1758 devecta
1198 1700 1439 1758 Tiberi:
1482 1701 1716 1759 domum
1754 1701 1813 1758 in
1848 1700 1997 1758 clivo
2032 1701 2210 1777 Capi-

216 1780 411 1838 tolino
442 1781 624 1838 scutis
666 1780 969 1838 refertam:
1015 1779 1188 1857 plena
1227 1780 1434 1838 omnia.
1471 1780 1861 1838 malleolorum
1909 1780 1981 1837 ad
2029 1779 2210 1837 Urbis

220 1858 503 1919 incendia
543 1869 1016 1935 comparatorum.
1099 1858 1247 1917 Haec
1290 1879 1404 1917 non
1449 1859 1642 1917 delata
1679 1857 1885 1930 solum,
1914 1859 2018 1916 sed
2051 1857 2201 1935 pene

217 1939 480 2007 credita;
522 1957 635 1997 nec
663 1935 798 1996 ante
827 1938 1126 2014 repudiata
1152 1948 1304 2009 sunt,
1333 1937 1508 2014 quam
1534 1937 1789 2014 quaesita.
2234 1940 2314 1995 m

298 2017 643 2093 Laudabam
671 2017 937 2094 equidem
967 2017 1364 2075 incredibilem
1387 2016 1745 2094 diligentiam
1773 2016 1884 2074 Cn.
1908 2015 2204 2091 Pompeii:

218 2098 320 2154 sed
351 2097 567 2167 dicam,
597 2107 661 2153 ut
687 2096 889 2173 sentio,
913 2095 1156 2172 judices.
1240 2095 1434 2153 Nimis
1462 2096 1642 2152 multa
1670 2094 1869 2152 audire
1898 2106 2200 2170 coguntur,
2243 2154 2250 2159 ,

217 2195 411 2251 neque
452 2175 616 2234 aliter
660 2176 853 2234 facere
886 2186 1141 2252 possunt,
1172 2175 1234 2246 ii,
1261 2174 1472 2249 quibus
1498 2185 1619 2232 tota
1644 2172 1951 2231 commissa
1977 2185 2063 2230 est
2091 2192 2206 2230 res-

216 2254 489 2332 publica3
531 2255 671 2330 quin
710 2254 887 2312 etiam
929 2254 1253 2312 audiendus
1293 2253 1465 2310 fuerit
1502 2271 1649 2329 popa
1687 2251 1970 2324 Licinius,
2007 2252 2208 2310 nescio

218 2334 371 2408 quis,
413 2334 488 2391 de
529 2333 742 2392 Circo:
797 2353 988 2392 servos
1028 2332 1284 2403 Milonis,
1328 2333 1478 2408 apud
1503 2351 1582 2409 ‚se
1623 2331 1812 2389 ebrios
1852 2331 2051 2402 factos,
2092 2331 2202 2389 sibi
2236 2332 2316 2387 Ἀ·

218 2413 519 2471 confessos
557 2432 705 2484 esse,
734 2432 797 2472 se
832 2412 905 2471 de
950 2412 1358 2470 interficiendo
1387 2412 1496 2469 Cn.
1529 2410 1799 2488 Pompeio
1836 2411 2200 2487 conjurasse:

218 2492 436 2550 deinde
472 2502 669 2568 postea
699 2511 762 2550 se
797 2491 990 2568 gladio
1028 2509 1365 2567 percussum
1406 2510 1533 2549 esse
1574 2491 1648 2548 ab
1689 2509 1805 2549 uno
1845 2491 1920 2547 de
1963 2490 2095 2561 illis,
2125 2510 2208 2548 ne-

221 2570 526 2629 indicaret.
608 2571 881 2647 Pompeio
901 2571 957 2628 in
982 2572 1172 2628 hortos
1198 2570 1498 2628 nuntiavit.
1582 2571 1861 2628 Arcessor
1882 2568 1952 2629 in.
1968 2570 2166 2646 primis
2187 2589 2206 2626 ε,

218 2649 654 2725 deamicorum
700 2650 1009 2719 sententia,
1036 2667 1157 2707 rem
1196 2649 1378 2706 defert
1416 2649 1487 2706 ad
1523 2658 1803 2707 senatum.
1887 2648 2021 2707 Non
2047 2661 2203 2725 pote-

218 2747 369 2798 ram,
400 2728 461 2786 in
505 2729 656 2786 illius
699 2727 813 2786 mei
853 2728 1165 2805 patriaeque
1200 2728 1458 2786 custodis
1496 2728 1656 2786 tanta
1699 2728 2040 2805 suspicione,
2087 2749 2200 2787 non
2234 2731 2314 2784 3st
2335 2754 2372 2762 -·

219 2818 383 2864 metu
420 2808 775 2867 exanimari:
817 2808 918 2866 sed
952 2807 1202 2865 mirabar
1238 2817 1453 2878 tamen,
1492 2807 1650 2865 credi
1686 2827 1879 2883 popae3
1927 2807 2203 2884 [ebrioso-

220 2887 381 2966 rum]
415 2886 836 2954 confessionem
876 2904 1167 2944 servorum
1214 2886 1438 2956 audiri3
1480 2887 1687 2943 vulnus
1726 2887 1782 2944 in
1821 2887 2020 2955 latere,
2050 2886 2200 2960 quod
2253 2923 2276 2931 -

223 2984 337 3022 acu
376 2977 657 3041 punctum
684 2966 992 3036 videretur,
1018 2985 1122 3041 pro
1150 2965 1266 3022 ictu
1296 2965 1628 3043 gladiatoris
1653 2964 1895 3040 probari.
1978 2963 2199 3022 Verum

223 3042 319 3121 (ut
366 3044 652 3122 intelligo)
701 3045 961 3103 cavebat·
984 3043 1168 3120 magis
1211 3043 1537 3120 Pompeius,
1578 3041 1763 3118 quam
1797 3043 2056 3110 timebat,
2085 3062 2200 3099 non

220 3142 293 3180 ea
321 3121 529 3193 solum,
559 3143 685 3198 quae
726 3123 983 3181 timenda
1023 3132 1206 3194 erant,
1236 3123 1337 3179 sed
1373 3123 1608 3180 omnino
1641 3120 1854 3189 omnia,
1883 3139 1957 3176 ne
1986 3120 2199 3194 aliquid
2234 3126 2314 3179 35

220 3220 325 3259 vos
368 3201 666 3260 timeretis
747 3201 1099 3279 Oppugnata
1138 3202 1352 3258 domus.
1382 3201 1451 3257 C.
1496 3198 1763 3269 camaris,
1799 3197 2102 3256 clarissimi
2144 3208 2203 3255 et

222 3280 516 3357 fortissimi
546 3281 671 3352 viri,
699 3301 800 3357 per
843 3282 1052 3337 multas
1094 3280 1291 3337 noctis
1328 3281 1497 3337 horas
1539 3277 1928 3335 nuntiabatur.
2011 3275 2204 3334 Nemo

223 3358 487 3419 autfini
515 3369 632 3417 tam
663 3359 877 3419 celebri
904 3359 1052 3430 loce,
1080 3377 1252 3416 nemo
1277 3366 1535 3416 senserat
1558 3376 1572 3416 ι
1614 3367 1807 3414 tamen
1843 3357 2202 3414 audiebatur.

218 3436 369 3499 Noa
394 3448 658 3519 poteram
699 3439 809 3496 Cn.
852 3438 1209 3513 Pompeium,
1236 3436 1708 3513 praestantissima
1749 3436 1955 3493 virtute
1997 3435 2199 3503 virum,

219 3516 491 3579 timidum
535 3517 853 3593 suspicari:
897 3515 1277 3593 diligentiam,
1306 3516 1427 3573 tota
1467 3515 1764 3592 republica
1804 3513 2090 3588 suscepta,
2120 3512 2204 3569 ni·
2236 3519 2308 3573 40

218 3592 399 3667 urbm
454 3595 674 3655 nullam
725 3597 1016 3672 putabam.
1102 3593 1594 3669 Frequentissimo
1647 3604 1848 3649 senatu
1903 3611 2084 3666 nuper
2141 3592 2198 3648 in

218 3674 529 3753 Capitolio,
559 3685 786 3733 senator
837 3675 1101 3732 inventus
1140 3684 1245 3743 est,
1283 3674 1381 3748 qui
1433 3672 1708 3729 Milonem
1752 3690 1887 3727 cum
1932 3672 2044 3729 telo
2079 3690 2205 3728 esse

218 3754 460 3813 diceret.
546 3752 807 3811 Nudavit
859 3773 922 3811 se
977 3753 1034 3810 in
1091 3747 1456 3822 sanctissimo
1499 3750 1729 3826 templ0‚
1770 3751 2041 3825 quoniam
2089 3751 2205 3808 vita

216 3832 355 3893 talis
376 3842 441 3890 α
466 3832 632 3903 civis,
661 3842 722 3889 et
762 3828 888 3905 viri,
917 3832 1089 3890 fidem
1118 3850 1233 3888 non
1262 3829 1534 3901 faciebat,
1563 3829 1695 3900 nisi,
1724 3848 1794 3887 eo
1835 3839 2084 3902 tacente,
2113 3850 2206 3888 res

217 3912 347 3990 ipsa
374 3910 764 4086 loquetetur]
1789 3994 1796 3999 ,
2238 3912 2328 3995 45.
