2667 4242
664 286 938 348 ORA'rio
983 297 1122 347 rao
1167 297 1362 349 LEGE
1406 297 1737 348 MANILIA.
2199 299 2280 359 57

209 451 473 517 toresque
528 441 942 518 capiebantur-'l
1003 439 1160 512 oiim,
1216 461 1288 499 ex
1340 441 1608 500 omnibus
1659 440 1968 518 provinciis
2027 459 2179 499 com-

209 534 423 593 meatu,
452 531 510 579 et
548 521 765 598 privato
792 530 850 578 et
880 509 1129 596 publiEO,
1154 521 1638 596 prohibebamur?
1680 519 1817 577 cum
1859 520 1940 576 ita
1979 520 2179 577 clausa

209 611 374 658 erant
413 601 577 658 nobis
615 599 810 657 omnia
850 599 1051 670 maria,
1081 610 1144 655 ut
1183 619 1371 674 neque
1398 600 1676 676 privatam
1702 617 1824 656 rem
1851 599 2179 656 transmari—

208 698 365 750 nam,
395 698 581 753 neque
608 678 919 754 publicam,
942 678 1061 753 jam
1088 679 1247 735 obire
1275 680 1607 755 possemus?
2355 745 2361 751 ⁴

287 757 524 816 XVIII.
579 756 747 819 ,Quae
789 751 992 814 ciffitas
1020 767 1200 825 ,antea
1228 776 1481 832 unquam
1512 757 1637 827 fuit,
1669 753 1811 834 (non
1838 754 1971 813 dico
1998 755 2178 813 Athe-
2244 756 2281 811 5
2370 822 2375 827 ,

206 836 518 906 niensium,
561 855 687 910 quae
744 836 884 892 satis
937 833 1052 892 late
1095 837 1383 909 quondam
1439 854 1597 893 mare
1650 834 1902 891 tenuisse
1943 835 2176 906 dicitur,

205 935 324 973 non
378 904 965 991 Carthaginiensium,
1007 914 1104 988 qui
1150 913 1496 989 permultum
1543 913 1727 971 classe
1766 913 2180 987 maritimisque

157 1063 161 1067 .
205 995 384 1051 rebus
411 992 730 1061 valuerunt,
760 1011 873 1049 non
916 992 1296 1063 Rhodiorum,
1325 1011 1565 1067 quorum
1607 1011 1800 1066 usque,
1830 992 1900 1048 ad
1928 1001 2179 1049 nostram

206 1071 543 1129 memoriam
585 1070 890 1145 disciplina
927 1071 1146 1127 navalis
1186 1081 1243 1128 et
1283 1070 1467 1147 gloria
1491 1070 1791 1148 remansit)
1822 1089 1947 1144 quae
1977 1070 2180 1128 civitas

205 1169 465 1226 unquam
507 1160 679 1207 antea
716 1160 834 1206 tam
875 1150 1084 1220 tenuis,
1122 1169 1246 1224 quae
1287 1160 1621 1226 tam‘parva
1659 1149 1846 1206 insula
1887 1148 2011 1220 suit,
2052 1168 2178 1224 quae
2218 1144 2285 1197 10

204 1249 325 1286 non
366 1240 558 1305 portus
585 1247 735 1300 snoS,
765 1238 824 1285 et
865 1247 1049 1307 agroe,
1077 1240 1135 1285 et
1173 1228 1422 1302 aliquam
1462 1239 1681 1304 partem
1723 1226 1970 1303 regionis
2011 1237 2181 1301 atque

203 1327 324 1366 orae
365 1308 684 1377 maritimae,
725 1326 826 1383 per
866 1326 929 1364 se
971 1307 1093 1382 ipsa
1132 1307 1506 1364 defenderet?
1575 1307 1656 1363 At
1686 1305 1935 1384 (hercle)
1968 1305 2182 1380 aliquot

207 1406 394 1444 annos
433 1385 735 1444 continuos
776 1395 909 1443 ante
948 1386 1134 1462 legem
1181 1385 1512 1456 Gabiniam,
1557 1385 1651 1442 ille
1691 1384 1927 1461 populus
1968 1385 2183 1441 Roma-

134 1490 139 1496 ·
205 1484 341 1536 nuS,
384 1465 568 1540 cujus,
609 1483 790 1540 usque
832 1465 902 1521 ad
959 1476 1210 1521 nostram
1256 1464 1610 1534 memoriam,
1654 1483 1862 1520 nomen
1903 1461 2179 1520 invictum

123 1541 128 1545 ’
206 1544 269 1602 in
312 1543 612 1617 navalibus
649 1542 858 1623 pugnis
895 1552 1303 1617 permanserat,
1346 1544 1558 1619 magna
1601 1561 1670 1600 ac
1710 1539 1889 1599 multo
1932 1541 2181 1599 maxima
2217 1541 2286 1595 15

202 1632 372 1700 parte
401 1641 515 1680 non
544 1621 712 1679 modo
742 1620 1023 1692 utilitatis,
1046 1622 1147 1678 sed
1177 1622 1474 1698 dig-nitatis
1495 1632 1663 1696 atque
1693 1618 1935 1697 imperii,
1958 1620 2179 1677 caruit:

206 1721 335 1772 nos,
374 1719 617 1775 quorum
659 1700 903 1783 majores
955 1689 1312 1757 Anfiochum
1365 1719 1560 1777 regem
1615 1700 1798 1757 classe
1855 1698 2183 1772 Persenque

206 1780 572 1856 superarunt,
611 1779 990 1852 omnibusque
1043 1779 1341 1835 navalibus
1392 1780 1600 1855 pugnis
1633 1777 2181 1857 *Carthaginien-sea,

207 1859 476 1917 homines
503 1856 563 1915 in
590 1857 892 1914 maritimis
920 1857 1089 1914 rebus
1122 1857 1624 1915 exercitatissimos
1662 1857 2180 1933 paratissimosque,

206 1937 494 2007 vicerunt,
524 1936 566 1993 ii
594 1936 750 1994 nullo
790 1934 850 1993 in
890 1937 1017 1994 loco
1051 1935 1168 2011 jam
1207 1937 1570 2012 praedonibus
1608 1954 1773 2012 pares
1813 1955 1939 1992 esse
1965 1945 2184 2011 potera·
2215 1936 2288 1991 20

207 2035 358 2074 mus.
440 2014 567 2074 Nos
594 2034 838 2089 quoque,
867 2014 965 2089 qui
995 2025 1166 2072 antea
1192 2035 1304 2072 non
1332 2013 1503 2073 motio
1545 2014 1775 2072 Italiam
1803 2023 1983 2070 tutam
2012 2013 2184 2070 habe-

208 2096 438 2165 bamus,
487 2094 589 2151 sed
627 2112 826 2171 omnes
866 2093 1050 2151 socios
1104 2093 1187 2171 in‘
1207 2093 1424 2157 ultimis
1465 2092 1581 2150 oris
1625 2093 1963 2150 auctoritate
2006 2091 2185 2148 nostri

210 2172 439 2250 imperii
480 2173 662 2230 salvos
702 2183 969 2248 praestare
1010 2174 1367 2247 poteramus3
1409 2182 1552 2242 tum,
1582 2170 1717 2228 ciim
1763 2170 1947 2227 insula
1989 2170 2183 2241 Delos,

207 2262 333 2309 tam
360 2252 556 2328 procul
600 2269 635 2308 a
672 2250 837 2309 nobis
870 2251 937 2308 in
980 2251 1183 2327 AEgaeo
1223 2251 1367 2306 mari
1408 2251 1610 2327 posita,
1639 2248 1753 2322 quo
1793 2267 1994 2306 omnes
2021 2249 2188 2305 undi-

208 2350 327 2406 que
355 2349 489 2387 cum
517 2324 806 2387 mercibus
843 2334 1012 2404 atque
1051 2328 1322 2386 oneribus
1363 2328 1782 2398 commeabant,
1811 2328 2021 2385 referta
2047 2327 2186 2383 divi·
2218 2326 2290 2381 25

209 2409 331 2479 tiis,
359 2427 551 2486 parva,
579 2407 704 2466 sine
731 2427 896 2465 muro
926 2408 1067 2465 nihil
1110 2406 1382 2478 timebat;
1418 2405 1598 2464 mem
1628 2425 1741 2463 non
1769 2404 1937 2464 modo
1965 2406 2188 2482 provin-

181 2488 345 2559 ciis,
391 2497 558 2561 atque
609 2486 724 2545 oris
777 2486 961 2544 Italiae
1002 2486 1322 2556 maritimis,
1370 2505 1441 2543 ac
1482 2486 1755 2562 portubus
1807 2485 2032 2556 nostris,
2082 2486 2183 2541 sed

210 2567 393 2625 etiam
435 2564 623 2642 Appia
673 2565 791 2641 jam
849 2565 942 2622 via
998 2565 1372 2622 carebamus:
1423 2575 1487 2622 et
1540 2564 1629 2621 his
1670 2564 2018 2640 temporibus
2069 2583 2183 2622 non

208 2645 470 2722 pudebat
509 2643 874 2738 magistratus
911 2644 1102 2720 populi
1142 2643 1418 2714 Romani,
1464 2643 1523 2701 in
1566 2644 1722 2701 hunc
1763 2642 1945 2719 ipsum
1994 2644 2185 2700 locum

211 2723 550 2792 escendere,
580 2741 714 2779 cum
742 2741 874 2779 eum
905 2722 1062 2780 vobis
1101 2722 1343 2798 majores
1381 2722 1811 2780 vestri-exuviis
1851 2721 2104 2781 nauticis
2130 2731 2187 2778 et
2219 2724 2291 2779 30

212 2801 491 2860 classium
518 2801 710 2876 spoliis
735 2811 998 2859 ornatum
1027 2801 1406 2875 reliquissent.

294 2879 473 2937 XIX.
543 2880 704 2938 Bono
744 2890 803 2937 te
846 2879 1038 2937 animo
1077 2889 1220 2951 tum,
1255 2879 1337 2942 Q.
1370 2879 1664 2950 Hortensi,
1692 2879 1931 2956 populus
1972 2877 2189 2942 Roma-

211 2978 348 3029 nus,
377 2968 436 3016 et
478 2970 712 3016 caeteros
737 2957 834 3033 qui
876 2968 1043 3015 erant
1081 2958 1141 3016 in
1173 2958 1390 3016 eadem
1427 2958 1732 3029 sententia,
1761 2959 1956 3015 dicere
1999 2956 2189 3014 existi-

212 3037 397 3095 mavit
442 3055 531 3106 ea,
561 3055 686 3110 quae
730 3037 1096 3094 sentiebatis:
1157 3038 1258 3094 sed
1301 3048 1514 3107 tamen,
1546 3037 1604 3095 in
1648 3036 1831 3094 salute
1874 3035 2186 3105 communi,

214 3115 373 3173 idem
414 3115 652 3191 populus
692 3114 993 3173 Romanus
1034 3115 1213 3174 dolori
1253 3135 1357 3173 suo
1399 3115 1619 3186 maluit,
1648 3114 1820 3189 quam
1865 3113 2189 3171 auctoritati
2222 3120 2292 3177 35

216 3205 443 3264 vestrm,
470 3194 909 3268 obtemperare:
958 3193 1164 3269 Itaque
1203 3212 1321 3251 una
1357 3194 1468 3264 lex,
1497 3213 1647 3251 unus
1675 3194 1777 3265 vir,
1808 3211 1956 3250 unus
1984 3210 2187 3262 annus,

215 3292 335 3331 non
364 3270 535 3331 modo
564 3272 668 3347 ᾡς
694 3271 792 3330 illa
820 3270 1050 3330 miseria
1080 3291 1149 3329 ac
1176 3273 1527 3349 turpitudine
1549 3272 1844 3342 liberavit3
1888 3271 1989 3327 sed
2016 3269 2191 3326 etiam

216 3350 441 3422 offam,
481 3362 545 3409 ut
582 3349 890 3425 aliquando
944 3351 1076 3409 vere
1118 3351 1441 3409 videremur
1492 3352 1759 3409 omnibus
1813 3349 2080 3428 gentibus
2121 3367 2193 3406 ac

216 3429 559 3491 nationibus
580 3429 730 3489 'terra
758 3429 1015 3504 marique
1042 3429 1339 3506 imperare.
1401 3427 1413 3434 “

292 3508 446 3571 Quo
472 3502 615 3567 mihi
638 3507 810 3566 etiam
842 3507 1135 3585 indignius
1162 3509 1384 3565 videtur
1416 3507 1797 3566 obtrectatum
1825 3525 1951 3565 esse
1981 3504 2191 3576 adhuc,
2226 3513 2300 3567 4ο

168 3626 178 3635 ·
218 3584 483 3663 (bibini-t)
518 3584 731 3657 dicam,
763 3605 911 3645 anne
956 3586 1245 3662 Pompeio,
1296 3605 1368 3643 an
1415 3578 1681 3660 utriqudjl
1746 3582 1853 3662 (id,
1912 3584 2063 3658 quod
2108 3591 2196 3641 est
2264 3589 2269 3593 “

222 3650 453 3744 varius}
476 3682 551 3731 ne
578 3665 876 3741 legaretur
920 3667 995 3723 A.
1040 3665 1326 3723 Gabinius
1370 3665 1479 3721 Cn.
1512 3663 1783 3739 Pompeio
1809 3660 2102 3738 expetenti
2126 3680 2197 3720 ac

220 3743 575 3882 penultimi?
644 3743 847 3802 Utrum
879 3745 993 3815 ille,
1023 3744 1119 3819 qui
1145 3744 1395 3820 postulat
1422 3744 1674 3833 legatum
1720 3742 1791 3799 ad
1830 3750 2053 3797 tantum
2082 3740 2199 3798 bel·
2283 3765 2294 3775 ·

250 3840 369 3897 um,
394 3840 568 3900 quem
596 3823 748 3895 velit,
778 3823 1018 3882 idoneus
1058 3840 1173 3897 non
1216 3832 1322 3893 est,
1351 3822 1450 3897 qui
1493 3830 1774 3897 impetret,
1804 3817 1940 3878 oiim
1982 3818 2197 3892 caeteri,
