2667 4242
390 310 473 370 48
929 311 1203 362 ORATIO
1247 312 1388 363 PRO
1431 311 1625 363 LEGE
1670 309 1999 361 MANILIA.

493 405 838 513 concidant)
898 454 1105 517 Quare
1143 455 1353 526 videte,
1381 473 1522 512 num
1562 454 1941 512 dubitandum
1981 453 2142 512 vobis
2180 453 2277 525 sit,
2306 450 2476 512 omni

492 534 682 591 studio
709 534 779 590 ad
810 534 867 591 id
898 535 1106 592 bellum
1137 535 1490 604 incumbere,
1521 534 1577 591 in
1622 552 1734 607 quo
1775 533 1955 609 gloria
1989 533 2239 591 nominis
2268 534 2477 604 vestri,

491 613 646 669 salus
685 613 988 685 sociorum,
1017 613 1321 689 vectigalia
1363 612 1632 684 maxima,
1670 611 1907 669 fortunae
1945 612 2324 689 plurimorum
2351 612 2480 668 civ-

493 690 632 761 ium,
663 710 795 748 cum
825 692 1117 768 republica
1146 691 1543 749 defendantur.
1715 708 1720 713 ·

421 778 459 831 5
571 769 743 829 VIII.
810 770 1108 831 Quoniam
1148 770 1221 826 de
1260 788 1474 846 genere
1514 768 1649 826 belli
1690 768 1827 839 dixi,
1863 787 2022 827 nunc
2062 768 2135 826 de
2175 767 2480 845 magnitu-

491 847 627 905 dine
652 867 840 923 pauca
854 843 1071 906 dicam.
1140 848 1334 906 Potest
1354 848 1510 905 enim
1531 849 1641 907 hoc
1660 848 1778 905 dici
1802 867 1815 905 :
1858 846 1994 904 belli
2014 864 2200 924 genus
2225 867 2357 904 esse
2390 847 2480 904 ita

490 928 899 997 necessarium,
923 938 986 984 ut
1005 928 1079 984 sit
1098 926 1434 1003 gerendum,
1457 945 1569 984 non
1591 946 1717 984 esse
1739 926 1818 984 ita
1837 944 2129 1002 magnum,
2159 935 2225 983 ut
2245 926 2321 983 sit
2340 944 2481 1001 per-

488 1005 926 1063 timescendum.
995 1005 1067 1063 In
1095 1025 1208 1080 quo
1233 1004 1482 1062 maxime
1511 1004 1885 1062 laborandum
1906 1016 2012 1074 est,
2036 1023 2109 1062 ne
2137 1004 2284 1062 forte
2317 1022 2352 1060 a
2375 1024 2480 1061 vo-

492 1083 600 1154 bis,
647 1103 789 1158 quae·
813 1082 1249 1161 diligentissime
1290 1084 1639 1161 providenda
1676 1092 1828 1155 sunt,
1871 1084 2298 1141 contemnenda
2337 1102 2478 1141 esse

390 1168 458 1221 10
493 1163 806 1220 videantur.

569 1241 784 1315 Atque,
827 1251 890 1298 ut
925 1260 1127 1299 omnes
1166 1240 1509 1317 intelligant,
1549 1259 1645 1298 me
1696 1239 1765 1297 L.
1807 1238 2054 1298 Lucullo
2092 1248 2321 1297 tantum
2358 1239 2478 1297 'im-

489 1320 685 1396 pertiri
714 1320 918 1390 laudis,
948 1330 1225 1394 quantum
1266 1319 1395 1376 forti
1423 1318 1562 1388 vim,
1591 1329 1647 1377 et
1687 1318 2108 1394 sapientissimo·
2135 1318 2379 1390 homini,
2413 1327 2477 1376 et

491 1414 702 1474 magno
743 1399 1083 1474 imperatori,
1125 1399 1435 1467 debeatur3
1502 1398 1654 1468 dico,
1695 1397 1820 1475 ejus
1874 1397 2139 1467 adventu,
2181 1397 2477 1453 maximas

493 1475 847 1533 Mithridatis
886 1478 1080 1553 copias
1117 1477 1384 1534 omnibus
1436 1477 1609 1533 rebus
1657 1484 1888 1533 ornatas
1942 1486 2111 1549 atque
2152 1475 2477 1532 instructas

393 1567 459 1620 15
495 1554 704 1623 fuisse;
748 1556 1061 1629 urbemque
1102 1555 1259 1613 Asiae
1288 1555 1684 1626 clarissimam,
1713 1554 1989 1627 nobisque
2031 1554 2476 1625 amicissimam,

495 1633 940 1708 Cyzicenorum,
968 1635 1258 1692 obsessam
1298 1653 1425 1691 esse
1467 1633 1539 1690 ab
1580 1634 1702 1708 ipso
1740 1652 1877 1709 rege
1915 1631 2166 1688 maxima
2207 1631 2477 1697 multitu·

495 1713 650 1779 dine,
691 1722 750 1768 et
806 1723 1188 1789 oppugnatam
1222 1709 1785 1781 -vehementissime3
1853 1728 2024 1784 quam
2070 1709 2138 1766 L.
2181 1709 2477 1767 Lucullus
2559 1715 2567 1720 '

493 1792 721 1860 virtute,
765 1791 1116 1862 assiduitate,
1157 1791 1415 1862 consili0,
1464 1791 1702 1855 summis
1739 1788 2049 1847 obsidionis
2087 1788 2368 1864 periculis
2408 1789 2478 1846 li-

496 1869 751 1926 beravit:
795 1870 868 1926 ab
895 1870 1096 1926 eodem
1124 1870 1463 1945 imperatore
1490 1868 1733 1926 classem
1774 1886 2042 1943 magnam
2083 1876 2142 1924 et
2178 1878 2475 1939 ornatam,

391 1960 463 2015 20
498 1967 642 2022 quae,
685 1947 931 2005 ducibus
972 1948 1335 2019 Sertorianis,
1375 1948 1446 2004 ad
1487 1947 1716 2004 Italiam
1758 1946 1946 2003 studio
1985 1945 2344 2003 inflammato
2381 1964 2477 2003 ra·

495 2036 743 2105 peretur,
785 2036 1106 2102 superatam
1148 2045 1273 2084 esse
1315 2037 1484 2101 atque
1524 2027 1848 2102 depressam
1868 2044 1900 2080 t·
1937 2042 2175 2100 magnas
2216 2024 2477 2081 hostium

474 2116 770 2182 praeterea
809 2105 1002 2183 copias
1041 2105 1236 2162 multis
1274 2106 1488 2180 proeliis
1528 2123 1652 2162 esse
1692 2103 1947 2161 deletas:
2001 2102 2478 2179 patefactumque

495 2186 704 2243 nostris
731 2185 1052 2262 legionibus
1079 2203 1205 2242 esse
1245 2184 1512 2254 Pontum,
1540 2184 1638 2258 qui
1681 2181 1828 2253 ante.
1855 2181 2060 2258 populo
2098 2179 2372 2238 Romano
2403 2200 2478 2239 ex

496 2265 652 2322 omni
697 2264 853 2321 aditu
883 2264 1111 2321 clausus
1138 2273 1320 2321 esset:
1366 2263 1616 2338 Sinopen
1647 2272 1816 2336 atque
1846 2261 2112 2318 Amisum
2141 2258 2383 2335 (quibus
2413 2260 2476 2318 in

393 2356 466 2408 25
497 2343 718 2417 oppidis
751 2353 921 2419 ¹erant
948 2342 1241 2400 domicilia
1266 2341 1438 2417 regis,
1466 2340 1732 2398 omnibus
1760 2340 1930 2396 rebus
1954 2349 2156 2396 ornata
2184 2349 2357 2413 atque
2385 2356 2478 2397 re-

500 2421 693 2499 ferta),
725 2431 1074 2494 caeterasque
1100 2421 1271 2477 nrbes
1309 2420 1475 2477 Ponti
1501 2430 1560 2476 et
1587 2418 1967 2494 Cappadociae
1993 2416 2325 2493 permultaS,
2355 2434 2480 2474 uno

502 2501 660 2556 aditu
700 2508 867 2572 atque
898 2499 1142 2555 adventu
1170 2518 1294 2556 esse
1324 2508 1553 2574 captas:
1597 2516 1811 2573 regem,
1841 2496 2141 2572 spoliatum
2168 2512 2351 2571 regno
2374 2513 2477 2571 pa-

499 2579 610 2635 trio
651 2589 820 2651 atque
863 2577 1029 2647 avito,
1072 2576 1144 2633 ad
1187 2577 1326 2635 alios
1368 2596 1429 2633 se
1470 2596 1635 2652 reges
1678 2587 1846 2650 atque
1895 2575 2036 2631 alias
2091 2583 2296 2649 gentes
2344 2593 2477 2649 sup-

498 2656 707 2732 plicem
753 2656 1096 2712 contulisse:
1141 2666 1309 2730 atque
1352 2656 1478 2712 haec
1519 2656 1730 2724 omnia,
1773 2654 1943 2710 salvis
1980 2651 2171 2730 populi
2213 2651 2478 2709 Romani

396 2742 468 2797 30
502 2736 691 2805 sociis,
724 2743 892 2808 atque
917 2733 1170 2811 ‚integris
1208 2733 1606 2810 vectigalibuS‚
1649 2753 1775 2790 esse
1815 2742 1992 2808 gesta.
2075 2730 2232 2788 Satis
2269 2730 2477 2805 opinor

503 2814 613 2870 hoc
653 2833 778 2870 esse
818 2813 1035 2882 laudis;
1080 2823 1249 2886 atque
1290 2813 1389 2889 ita,
1415 2812 1701 2881 Quirites,
1729 2821 1793 2867 ut
1833 2811 1943 2867 hoc
1976 2820 2075 2866 vos
2115 2808 2478 2884 intelligatis,

505 2910 538 2948 a
565 2892 721 2949 nullo
749 2892 1003 2962 istorum,
1030 2892 1128 2967 qui
1157 2892 1293 2951 huic
1319 2892 1642 2949 obtrectant
1667 2889 1786 2966 legi,
1811 2899 1981 2963 atque
2018 2906 2230 2958 causae,
2258 2887 2328 2943 L.
2357 2885 2481 2945 Lu·
2505 2938 2522 2955 ,.

504 2971 719 3028 cullum
748 2970 1009 3028 similiter
1037 2990 1106 3027 ex
1135 2971 1243 3027 hoc
1269 2971 1398 3027 loco
1426 2988 1551 3026 esse
1579 2967 1891 3024 laudatum.
2125 2970 2130 2975 ’

583 3049 692 3105 ΙΧ.
722 3060 727 3065 ’
762 3048 1114 3123 Requiretur
1156 3049 1399 3106 fortasse.
1431 3066 1608 3117 nunc,
1638 3045 2137 3121 quemadmodum,
2167 3040 2304 3099 cum
2347 3042 2482 3102 haec

400 3135 471 3189 35
507 3129 586 3186 ita
624 3129 757 3198 sint,
787 3129 1067 3203 reliquum
1106 3127 1281 3204 possit
1320 3146 1446 3183 esse
1487 3144 1759 3201 magnum
1787 3123 2018 3181 bellum.
2102 3122 2481 3197 Cognoscite,

502 3208 800 3268 Quirites:
843 3227 956 3264 non
985 3207 1139 3263 enim
1169 3207 1278 3263 hoc
1306 3206 1431 3262 sine
1460 3204 1635 3262 causa
1665 3203 1841 3277 quaeri
1869 3203 2107 3259 videtur.
2191 3198 2482 3274 prim,

505 3307 577 3344 ex
617 3305 721 3343 suo
760 3306 938 3361 regno
979 3286 1064 3342 sic
1115 3284 1481 3341 Mithridates
1525 3281 1792 3359 profugit,
1835 3291 1899 3337 ut
1937 3300 2007 3336 ex
2048 3279 2251 3336 eodem
2293 3272 2488 3343 Μ

506 3365 741 3422 Medea·
762 3365 859 3421 illa
898 3365 1181 3439 quondam
1220 3364 1538 3439 profugisse
1564 3361 1774 3418 dicitur
1793 3380 1807 3429 3
1852 3377 2022 3433 quam
2049 3357 2392 3434 praedicam,
2417 3354 2488 3435 h

507 3445 664 3519 fuga,
695 3442 883 3500 fratris
924 3444 1011 3499 sui
1053 3443 1309 3499 membra
1339 3442 1395 3498 in
1426 3442 1495 3497 iis
1522 3440 1683 3510 lociS,
1714 3438 1826 3513 qua
1855 3457 1916 3494 se
1944 3456 2149 3512 parens
2174 3448 2506 3515 persequa—

407 3522 476 3578 40
513 3534 682 3593 retur,
725 3522 1105 3597 dissipavisse‚
1147 3530 1211 3576 ut
1263 3538 1458 3576 eorum
1512 3518 1775 3576 collectio
1828 3517 2100 3591 dispersa,
2155 3512 2516 3601 moerorqiffi'z

509 3602 745 3676 patrius,
775 3601 1124 3657 celeritatem
1151 3597 1528 3673 persequendi
1556 3597 1886 3653 retardaret.
1958 3594 2060 3651 Sic
2089 3593 2294 3651 Mithri
2339 3649 2344 3653 .
2424 3618 2491 3672 24,

515 3679 759 3751 fugiens,
788 3677 1230 3751 maximam-vim
1254 3675 1376 3730 auri
1400 3686 1566 3748 atque
1585 3674 1830 3749 argenti,
1852 3672 2310 3748 pulcherrimffiru
2326 3693 2427 3732 mu,
2449 3665 2491 3728 ff*

2422 3696 2534 3760 ‘maja’

2448 3761 2465 3774 δ·
2480 3763 2489 3772 J
2523 3762 2532 3771 Ι

2466 3785 2483 3802 φ
2499 3778 2520 3797 ἦ·

2517 3808 2540 3825 d*

2395 3886 2400 3887 ⁷
2513 3894 2524 3909 Ι

2399 3972 2406 3981 ι

515 3770 705 3810 rerum
733 3756 1007 3823 omnium,
1036 3772 1177 3828 quas
1217 3761 1276 3809 et
1317 3771 1351 3807 a
1390 3752 1695 3831 majoribus
1726 3760 2044 3826 acceperat,
2074 3750 2303 3823 etipse,
2349 3781 2363 3801 ε
2388 3769 2467 3810 :.3-·

2365 3830 2374 3837 ι.

519 3831 806 3902 superiore
834 3850 903 3885 ex
930 3833 1047 3887 tota
1075 3831 1222 3886 Asia
1250 3829 1516 3903 direptas,
1539 3829 1598 3884 in
1627 3847 1792 3884 suum
1821 3846 2062 3904 regnum
2088 3846 2405 3901 congesset

417 3910 486 3962 45
519 3907 579 3963 in
608 3906 787 3962 Ponto
813 3925 1040 3964 omnem
1067 3907 1311 3996 reliquit.
1397 3906 1546 3977 Hae'c
1587 3906 1723 3975 dum
1763 3907 1941 3977 nostri
1983 3905 2262 3996 colligunt
2289 3842 2510 3975 om&
