2667 4242
236 1500 325 1521 ...ρ-Ι-

384 285 471 357 a
871 274 1145 325 ORATIO
1188 273 1283 324 lv.
1324 272 1402 323 m
1447 272 1510 322 [ι.
1553 271 1983 323 ΟΑΤῘΗΠΔΜ.

484 428 719 510 ornetur
760 417 904 477 alter
938 415 1155 475 ειιίιιιιό,
1194 416 1370 475 laude
1413 415 1748 487 Afiicanus,
1789 414 1890 491 qui
1929 415 2075 473 duas
2112 414 2292 473 urbes
2329 414 2478 475 huic

487 499 725 575 imperio
766 497 1182 588 infestissimae,
1212 496 1629 573 Carthaginem
1673 494 2186 584 Numantiamque,
2216 495 2479 552 delevit:

486 577 766 635 habeatur
807 577 891 635 vir
931 576 1201 653 egregius
1242 575 1308 633 L.
1343 574 1574 645 Paulus,
1605 574 1722 645 ille,
1751 573 1938 650 cujus
1957 593 2191 631 currum
2233 593 2338 630 rex
2377 592 2483 649 po-

486 657 842 717 tentissimus
880 655 1167 730 quondam
1207 663 1266 712 et
1284 644 1714 723 nobilissimus,
1746 653 1967 722 Perses,
1997 652 2352 710 honestavit:
2401 653 2484 709 sit
2535 652 2598 681 ²
2627 700 2630 705 .

421 748 458 801 5
488 734 548 793 in
589 736 804 793 aeterna
844 733 1026 811 gloria
1069 732 1313 803 Marius,
1342 731 1442 807 qui
1484 732 1572 789 bis
1611 731 1842 789 Italiam
1869 731 2168 790 obsidione
2207 740 2270 789 et
2309 741 2484 788 metu

487 813 775 871 servitutis
827 810 1126 871 liberavit:
1184 821 1559 888 anteponatur
1604 810 1871 869 omnibus
1923 809 2249 886 Pompeius,
2300 810 2502 886 cujus

487 911 579 949 res
605 904 779 981 gestie
808 902 978 966 atque
999 890 1235 948 virtutes
1256 890 1480 961 iisdem,
1500 889 1708 964 quibus
1728 888 1861 947 solis
1883 908 2104 959 cursus,
2132 888 2485 965 regionibus
2573 917 2580 923 ’
2631 930 2632 949 1

489 989 559 1029 ac
586 970 845 1028 terminis
872 968 1254 1028 continentur.
1336 968 1466 1026 Erit
1491 967 1782 1059 profecto,
1814 967 1960 1025 inter
2001 969 2202 1025 horum
2239 967 2481 1039 laudes,

489 1048 704 1124 aliquid
744 1048 856 1107 loci
897 1062 1103 1107 nostrae
1147 1046 1388 1141 gloriae3
1447 1046 1557 1105 nisi
1602 1046 1744 1104 forte
1788 1046 1972 1137 majus
2010 1057 2100 1104 est
2134 1046 2482 1135 patefacere

398 1136 460 1193 10
488 1128 652 1185 nobis
691 1127 1031 1216 provincias,
1060 1125 1174 1200 quo
1215 1126 1372 1184 exire
1398 1126 1710 1202 possimus,
1740 1144 1910 1199 quam
1942 1143 2166 1196 curare,
2195 1134 2261 1181 ut
2287 1125 2481 1183 etiam

488 1205 591 1276 illi,
619 1206 717 1282 qui
748 1207 972 1276 absunt,
1002 1207 1271 1276 habeant,
1299 1204 1415 1280 quo
1445 1205 1688 1262 victores
1715 1215 2086 1261 revertantur.

563 1285 919 1360 Quanquam
960 1296 1047 1343 est
1090 1303 1203 1341 uno
1242 1284 1371 1341 loco
1405 1283 1660 1341 conditio
1687 1283 1884 1340 melior
1913 1294 2159 1340 externae
2186 1281 2479 1355 victoriae,

486 1361 659 1452 quam
701 1363 1060 1433 domesticae3
1110 1362 1263 1437 quod
1308 1364 1497 1420 hostes
1540 1362 1876 1438 alienigenae
1920 1373 2018 1418 aut
2055 1362 2308 1450 oppressi
2350 1381 2478 1420 ser-

486 1441 667 1512 viunt,
698 1452 797 1499 aut
836 1442 1051 1517 recepti
1093 1441 1378 1499 beneficio
1418 1461 1479 1498 se
1519 1441 1800 1518 obligatos
1839 1450 2071 1516 putant:
2126 1440 2226 1515 qui
2268 1452 2478 1498 autem

390 1523 461 1579 15
488 1539 559 1578 ex
587 1539 824 1577 numero
864 1521 1097 1591 civium,
1124 1520 1418 1578 dementia
1460 1520 1651 1595 aliqua
1693 1519 2002 1595 depravati,
2033 1520 2222 1576 hostes
2263 1520 2477 1595 patriae

487 1597 663 1656 semel
686 1617 811 1655 esse
833 1610 1148 1675 coeperunt,
1169 1619 1287 1670 eos,
1309 1597 1445 1656 cum
1470 1617 1503 1655 a
1525 1598 1779 1675 pernicie
1808 1598 2135 1673 reipublicae
2163 1598 2476 1674 repuleris,

486 1695 598 1735 nec
639 1676 694 1732 vi
736 1681 1026 1749 coercere,
1056 1697 1166 1736 nec
1206 1677 1490 1735 beneficio
1528 1677 1758 1754 placare
1797 1676 1993 1753 possis.
2072 1676 2278 1737 Quare
2321 1678 2477 1734 mihi

488 1755 885 1830 cum-perditis
912 1723 1135 1814 civibus
1162 1768 1438 1813 aeternum
1481 1755 1691 1813 bellum
1733 1766 2060 1832 susceptum
2101 1774 2227 1812 esse
2255 1755 2476 1817 video:

486 1835 635 1909 quod
678 1853 806 1911 ego,
848 1847 1034 1893 vestro
1074 1836 1465 1910 bonorumque
1503 1835 1758 1892 omnium
1802 1835 2033 1905 auxili0,
2070 1835 2477 1910 memoriaque

386 1916 459 1971 20
487 1924 773 1970 tantorum
813 1913 1220 1988 periculorum,
1264 1912 1418 2002 (quae
1472 1934 1587 1971 non
1642 1913 1811 1972 modo
1851 1913 1926 1971 in
1969 1913 2078 1971 hoc
2117 1912 2327 1988 populo
2365 1914 2476 1990 qui

487 2002 744 2049 servatus
783 2003 889 2064 est,
932 1993 1032 2049 sed
1074 1992 1248 2049 etiam
1293 1993 1350 2049 in
1391 1993 1647 2051 omnium
1689 1992 1976 2081 gentium·
1988 1992 2351 2049 sermonibus
2394 2012 2477 2050 ac

488 2071 795 2143 mentibu8‚
824 2091 1047 2148 semper
1076 2072 1341 2152 haerebit)
1376 2091 1409 2129 a
1448 2091 1541 2129 me
1583 2083 1751 2146 atque
1793 2090 1829 2127 a
1867 2069 2011 2128 meis
2040 2069 2209 2128 facile
2239 2072 2478 2147 propul-

486 2151 600 2209 sari
629 2172 791 2228 posse
819 2153 1059 2211 confido.
1144 2150 1352 2227 Neque
1382 2151 1498 2209 ulla
1524 2148 1777 2239 profecto
1806 2161 1967 2207 tanta
2002 2150 2087 2207 vis
2126 2151 2476 2226 reperietur,

486 2251 612 2305 quae
640 2232 1103 2321 conjunctionem
1134 2242 1379 2287 vestram
1408 2230 1775 2318 equitumque
1804 2229 2221 2301 Romanorum,
2251 2241 2312 2288 et
2339 2241 2478 2287 tan-

388 2313 459 2365 25
486 2319 603 2365 tam
647 2310 1127 2386 conspirationem
1170 2310 1447 2366 bonorum
1486 2307 1763 2380 omnium,
1802 2308 2159 2386 perfringere
2208 2317 2268 2366 et
2308 2307 2477 2366 labe·

488 2387 702 2443 factare
730 2388 919 2462 possit.

565 2463 677 2521 XI.
732 2466 898 2527 Quae
944 2463 1079 2523 οιιιιι
1134 2463 1215 2522 ita
1254 2465 1388 2535 sint,
1430 2464 1630 2522 Patres
1672 2465 2018 2541 Conscripti,
2058 2484 2160 2541 pro
2200 2464 2476 2542 imperit),

486 2561 591 2631 pro
617 2544 893 2614 exercitu,
921 2562 1022 2619 pro
1060 2543 1375 2618 provincia,
1403 2562 1574 2619 quam
1617 2544 1865 2621 neglexi,
1891 2564 1994 2620 pro
2017 2544 2324 2619 triumph0‚
2356 2564 2478 2603 cae-

488 2620 737 2695 terisque
765 2621 952 2678 laudis
980 2621 1318 2698 insignibus,
1348 2641 1474 2697 quae
1502 2633 1635 2679 sunt
1677 2642 1710 2680 a
1751 2642 1863 2694 me,
1890 2635 2113 2700 propter
2143 2623 2314 2681 Urbis
2343 2640 2478 2681 ves-

390 2706 463 2760 30
490 2709 702 2773 traeque
724 2700 922 2755 salutis
943 2700 1280 2770 custodiam,
1304 2700 1633 2775 repudiata3
1670 2722 1772 2777 pro
1792 2669 2073 2760 clientelis
2094 2703 2476 2779 hospitiisque

488 2776 952 2852 provincialibus,
981 2798 1105 2852 quae
1133 2791 1325 2836 tamen
1354 2780 1590 2838 urbanis
1629 2780 1831 2870 opibus
1871 2800 1984 2839 non
2021 2782 2240 2839 minore
2268 2781 2477 2840 labore

491 2867 673 2925 tueor,
715 2875 886 2930 quam
930 2871 1226 2931 comparo;
1281 2877 1383 2933 pm
1438 2858 1527 2915 his
1581 2860 1753 2938 igitur
1805 2859 2071 2916 omnibus
2124 2861 2314 2931 rebuS,
2365 2881 2480 2936 pro

490 2933 635 2990 meis
664 2932 721 2990 in
751 2952 848 2991 vos
875 2935 1259 3010 singularibus
1287 2937 1510 3007 studiiS‚
1533 2957 1743 3014 proque
1765 2939 1895 3009 hac,
1916 2957 2086 3013 quam
2110 2938 2475 3014 conspicitis,

494 3013 565 3068 ad
596 3014 1043 3069 conservandam
1072 3015 1484 3104 rempublicam
1515 3017 1835 3107 diligentia,
1865 3017 2004 3075 nihil
2039 3017 2189 3073 aliud
2222 3036 2256 3073 a
2283 3018 2475 3088 vobiS,

392 3102 465 3157 35
492 3089 600 3147 nisi
659 3091 827 3167 hujus
872 3092 1159 3167 temporis,
1203 3094 1488 3184 totiusque
1545 3097 1658 3153 mei
1717 3096 2048 3154 consulatus
2107 3096 2475 3169 memoriam,

490 3171 743 3246 postulo;
786 3191 912 3246 quae
940 3172 1077 3227 dum
1106 3173 1215 3229 erit
1243 3173 1444 3231 vestris
1471 3176 1760 3231 mentibus
1797 3174 1989 3245 infixa,
2020 3175 2346 3233 firmissimo
2375 3195 2478 3233 me

492 3267 656 3307 muro
696 3261 917 3324 septum
960 3269 1086 3307 esse
1130 3252 1460 3309 arbitrabor.
1541 3250 1721 3312 Quod
1754 3253 1801 3309 si
1829 3273 2017 3311 meam
2056 3273 2212 3329 spem
2242 3253 2326 3309 vis
2367 3255 2482 3310 im·-

491 3328 793 3404 proborum
838 3327 1102 3386 fefellerit
1145 3342 1311 3420 atque
1353 3330 1734 3404 ‘superaverit3
1780 3333 2117 3390 commendo
2145 3331 2304 3389 vobis
2343 3350 2482 3408 par-

492 3425 623 3463 vum
655 3424 846 3462 meum
876 3405 1094 3480 filium3
1138 3409 1232 3466 cui
1259 3406 1514 3483 profecto
1546 3409 1684 3467 satis
1710 3410 1818 3471 erit
1845 3410 2112 3485 praesidii,
2135 3430 2251 3468 non
2280 3409 2480 3471 solum

395 3491 464 3551 40
496 3485 566 3541 ad
609 3484 872 3555 salutem,
916 3453 1113 3543 verum
1168 3487 1343 3543 etiam
1400 3487 1472 3543 ad
1527 3488 1884 3565 dignitatem,
1928 3488 1976 3544 si
2017 3488 2159 3573 ejuS,
2202 3489 2297 3564 qui
2342 3490 2588 3555 lucer.-

490 3563 686 3623 omnia
725 3583 830 3622 suo
866 3564 1019 3622 solus
1044 3564 1299 3641 periculo
1326 3568 1766 3639 conservaverit,
1797 3568 1957 3625 illum
1985 3586 2112 3639 esse
2141 3567 2322 3624 filium
2351 3582 2504 3629 me·-

492 3642 790 3699 mineritis.
1171 3673 1174 3677 ·

569 3719 958 3795 Quapropter,
1000 3721 1071 3777 de
1113 3723 1340 3779 summa
1381 3724 1564 3781 salute
1604 3724 1809 3793 vestra,
1845 3724 2151 3813 populique
2191 3720 2478 3797 Romani,

495 3785 695 3854 Patres
749 3797 1096 3878 Conscripti,
1138 3801 1210 3858 de
1250 3800 1455 3858 vestris
1495 3801 1833 3878 conjugibus
1875 3820 1944 3859 ac
1983 3801 2200 3873 liberis,
2243 3801 2316 3859 de
2360 3802 2481 3863 aria
