2667 4242
643 301 918 352 ORATIO
956 250 1101 352 l’RQ
1143 300 1340 350 LEGE}
1383 301 1715 351 MANILIA.
2194 300 2272 383 σι

199 447 408 525 quibus
449 445 875 503 conditionibus
924 445 1381 521 proficiscantur,
1424 444 1691 522 ignorant
1741 444 2014 504 videheet
2059 442 2178 514 isti,

201 527 303 602 qui
342 525 414 583 ad
458 543 636 581 unum
679 525 990 582 deferenda
1029 544 1155 581 esse
1192 524 1390 583 omnia
1427 543 1543 582 non
1585 524 1972 582 arbitrantur?
2014 521 2179 598 quasi

201 603 340 662 vero
382 603 492 660 Cn.
535 602 868 679 Pompeium
917 622 1058 681 Q
1099 600 1235 661 eum
1288 602 1409 659 suis
1460 603 1784 675 virtutibuS,
1825 613 1949 660 tum
2002 602 2179 659 etiam

204 681 410 740 alienis
436 681 610 751 vitiis,
639 700 913 758 magnum
939 701 1065 739 esse
1092 682 1407 739 videamus.
2171 678 2180 689 ‘
2214 649 2540 737 N

280 760 512 831 Quare,
540 759 717 818 nolite
744 760 1028 831 dubitare,
1056 761 1196 837 quin
1224 760 1364 817 huie
1390 758 1493 817 uni
1533 760 1786 818 credatis
1821 759 2038 831 omnia,
2079 756 2178 835 qui

203 838 353 897 inter
386 857 568 907 annos
591 847 675 896 tot
714 857 863 896 unus
902 839 1168 896 inventus
1195 839 1288 909 sit,
1328 856 1499 914 quem
1548 838 1692 896 socii
1733 839 1793 896 in
1833 839 2006 896 urbes
2045 855 2181 894 suas

203 936 344 975 eum
412 917 670 974 exercitu
691 949 704 963 ·
721 917 943 975 venisse
994 918 1299 993 gaudeant.
1392 915 1577 978 Quod
1637 916 1685 974 si
1747 916 2182 975 auetoritatibus

203 997 365 1053 hane
423 1013 679 1066 eausam,
717 994 1002 1067 Quirites,
1057 996 1512 1067 confirmandam
1564 996 1814 1071 putatis;
1882 1004 1970 1053 est
2021 995 2182 1053 vobis

206 1083 434 1145 auctor,
462 1073 547 1130 vir
590 1073 868 1132 bellorum
913 1075 1170 1132 omnium
1213 1074 1706 1147 maximarumque
1747 1092 1939 1131 rerum
1962 1073 2183 1150 peritis-

205 1154 411 1223 simus,
455 1151 518 1209 P.
561 1152 868 1224 Servilius;
930 1153 1101 1228 eujus
1148 1163 1321 1210 tantae
1375 1171 1468 1209 res
1507 1161 1682 1228 gestae
1721 1152 1872 1209 terra
1925 1151 2183 1226 marique
2212 1156 2281 1210 10

205 1231 571 1301 exstiterunt,
600 1241 682 1302 ut,
712 1228 848 1290 eum
877 1232 951 1289 de
977 1231 1128 1289 bello
1155 1229 1504 1302 deliberetis,
1535 1241 1733 1288 auctor
1773 1230 1932 1289 vobis
1959 1230 2182 1308 gravior

205 1329 338 1368 esse
380 1327 552 1367 nemo
590 1309 832 1366 debeat:
875 1321 962 1367 est
1003 1308 1301 1380 C..Curio,
1344 1309 1584 1366 summis
1623 1308 1825 1366 vestris
1864 1307 2182 1379 beneficiis,

205 1387 592 1462 maximisque
616 1388 789 1445 rebus
816 1389 1011 1464 gestis,
1039 1407 1263 1446 summo
1289 1386 1523 1464 ingenio
1561 1397 1620 1445 et
1644 1387 1948 1463 prudentia
1986 1386 2187 1464 praedi-

207 1475 338 1524 tus:
383 1476 470 1524 est
496 1466 607 1523 Cn.
637 1466 937 1539 Lentulus,
967 1467 1028 1525 in
1054 1485 1168 1542 quo
1192 1485 1412 1536 omnes,
1438 1485 1542 1541 pro
1583 1465 1945 1542 amplissimis
1982 1464 2195 1531 vestris

209 1545 547 1616 honoribuS,
602 1562 889 1602 summum
942 1546 1265 1616 eonsilium,
1321 1563 1605 1602 summam
1659 1545 2017 1620 gravitatem,
2058 1563 2184 1601 esse
2215 1548 2284 1602 15

207 1623 595 1700 eognosoitis:
652 1634 739 1680 est
780 1624 848 1682 C.
895 1624 1152 1696 CassiuS,
1193 1623 1541 1700 integritate,
1581 1623 1807 1695 virtute,
1863 1621 2186 1681 constantia

207 1702 510 1779 singulari.
589 1701 815 1773 Quare,
857 1702 1064 1774 videte,
1105 1713 1189 1774 ut,
1219 1704 1420 1760 horum
1463 1702 1918 1775 auetoritatibus,
1959 1702 2186 1760 illorum

108 1843 113 1849 ,
217 1780 456 1840 orationi
485 1779 581 1855 qui
611 1780 973 1852 dissentiunt,
1000 1782 1341 1857 respondere
1367 1800 1531 1856 posse
1558 1781 1869 1838 videamur.

288 1859 528 1917 XXIV.
603 1859 759 1921 Quae
819 1858 955 1917 oum
1015 1859 1095 1918 ita
1135 1859 1269 1931 sint,
1312 1860 1381 1917 C.
1426 1859 1655 1929 Manili,
1710 1857 1961 1935 primum
2017 1850 2209 1915 istam¹

194 1942 378 1996 emam
405 1948 465 1995 et
489 1938 698 2014 legem,
726 1948 785 1996 et
811 1938 1179 2010 voluntatem,
1208 1949 1267 2005 et
1293 1938 1638 1996 sententiam
1664 1938 1856 2010 laudo,
1886 1937 2190 1997 vehemen·
2214 1935 2290 1990 20

145 2062 150 2068 .
216 2015 550 2092 tissimeque
591 2018 931 2093 comprobo:
973 2017 1184 2075 deinde
1222 2028 1280 2075 te
1321 2019 1530 2087 hortor,
1574 2026 1657 2086 ut,
1700 2027 1933 2074 auctore
1984 2013 2191 2091 populo

219 2096 506 2165 Romam,
536 2113 772 2152 maneas
799 2095 859 2153 in
876 2096 1194 2167 sententia,
1223 2115 1369 2154 neve
1409 2095 1749 2170 cujusquam
1788 2095 1905 2151 vim
1948 2103 2048 2150 aut
2086 2091 2192 2148 mi-

217 2193 322 2232 aas
363 2173 750 2250 pertimescas.
848 2173 1127 2246 Primum,
1173 2174 1233 2232 in
1272 2184 1331 2231 te
1372 2173 1513 2230 satis
1552 2191 1678 2230 esse
1723 2171 1900 2228 animi
1937 2187 2198 2247 perseve-

212 2252 532 2327 ‹antiaeque
575 2253 847 2310 arbitror:
888 2253 1120 2324 deinde,
1151 2251 1287 2311 eum
1326 2264 1549 2310 tantam
1587 2250 2016 2307 multitudinem
2058 2266 2195 2307 eum

215 2342 386 2389 tanto
436 2330 625 2388 studio
686 2332 885 2389 adesse
939 2332 1256 2402 videamu3‚
1310 2340 1588 2407 quantum
1649 2348 1807 2386 nuno
1866 2328 2073 2386 iterum
2134 2327 2195 2385 in
2219 2327 2293 2386 25

221 2411 422 2468 eodem
462 2409 694 2466 homine
733 2410 1099 2485 praeficiendo
1139 2410 1436 2478 videmus3
1481 2408 1620 2484 quid
1660 2418 1765 2479 est,
1796 2407 1951 2482 quod
1981 2416 2080 2465 aut
2120 2407 2194 2464 de

216 2507 299 2559 re,
347 2498 446 2545 aut
485 2489 557 2545 de
594 2487 931 2564 perficiendi
973 2489 1266 2560 facultate,
1325 2487 1693 2545 dubitemus?
1793 2487 1922 2563 Ego
1981 2497 2193 2556 autem,

215 2567 500 2642 quidquid
530 2567 588 2624 in
629 2585 723 2625 me
762 2578 850 2624 est
889 2567 1084 2638 studii,
1115 2564 1618 2639 consilii,'labori8‚
1649 2565 1887 2642 ingenii,
1917 2564 2195 2640 quidquid

218 2647 333 2703 hoe
362 2645 644 2702 beneficio
668 2646 859 2722 populi
899 2646 1174 2716 Romani,
1221 2657 1392 2720 atque
1440 2647 1551 2703 hae
1590 2655 1868 2720 potestate
1912 2643 2193 2720 praetoria,

218 2722 499 2799 quidquid
543 2723 901 2796 auctoritate,
942 2725 1076 2795 fide,
1120 2724 1441 2783 constantia
1481 2742 1708 2799 possum
1726 2743 1741 2792 ;
1785 2723 1843 2780 id
1889 2741 2079 2793 omne,
2123 2722 2195 2779 ad
2221 2721 2296 2776 30

217 2804 374 2859 hano
404 2821 524 2859 rem
566 2802 1006 2874 conficiendam,
1034 2802 1139 2859 tibi
1180 2813 1238 2860 et
1275 2802 1482 2879 populo
1522 2801 1791 2860 Romano
1829 2801 2098 2878 polliceor
2138 2809 2198 2857 et

220 2881 435 2938 desem.
544 2880 867 2955 Testorque
910 2900 1109 2939 omnes
1157 2881 1335 2952 Deos,
1383 2891 1443 2938 et
1485 2900 1583 2939 eos
1623 2880 1872 2938 maxime
1917 2879 2015 2955 qui
2057 2878 2198 2935 huie

219 2959 351 3016 loeo
395 2960 719 3034 temploque
763 2960 1089 3035 praesident‚
1135 2959 1232 3035 qui
1272 2959 1531 3017 omnium
1572 2969 1796 3025 mentes
1835 2976 2055 3028 eorum,
2097 2955 2197 3031 qui

222 3038 296 3095 ad
326 3055 449 3094 rem
478 3038 767 3112 publicam
799 3039 1031 3109 adeunt,
1050 3037 1299 3113 maxime
1327 3037 1699 3114 perspiciunt,
1737 3056 1831 3094 me
1869 3038 1981 3094 hoe
2005 3052 2195 3107 neque

220 3125 427 3191 rogatu
471 3116 660 3173 faeere
700 3116 1059 3192 cujusquam,
1103 3136 1291 3191 neque
1334 3114 1450 3192 quo
1498 3117 1608 3174 Cn.
1657 3114 1913 3190 Pompeii
1954 3111 2199 3190 gratiam
2225 3121 2298 3175 35

111 3216 118 3224 ·
220 3193 364 3255 mihi
394 3213 495 3273 per
523 3196 675 3252 hane
703 3213 939 3252 eausam
967 3195 1264 3254 conciliari
1291 3206 1524 3271 putem3
1565 3213 1754 3268 neque
1795 3190 1908 3267 quo
1937 3188 2100 3260 mihi,
2129 3207 2202 3246 ex

222 3270 564 3351 cujusquam
595 3273 986 3349 amplitudine,
1017 3284 1116 3331 aut
1137 3274 1406 3351 praesidia
1431 3271 1723 3349 periculi-⁰1,
1744 3281 1842 3328 aut
1871 3269 2203 3344 adjumenta

222 3350 557 3421 honoribus,
588 3370 870 3425 quaeram3
898 3362 1197 3428 propterea
1223 3350 1379 3427 quod
1405 3351 1667 3428 pericula
1704 3347 1901 3420 facile,
1930 3357 1995 3404 ut
2022 3343 2203 3403 homi-

222 3434 360 3491 n'em
382 3438 659 3509 praetere
695 3441 931 3505 oportet,
961 3431 1292 3490 innocentia
1336 3429 1497 3501 teeti,
1544 3429 1917 3504 repellemus:
1960 3426 2203 3483 honores

152 3536 183 3588 j
222 3519 425 3571 antem
466 3524 653 3584 neque
693 3509 765 3566 ab
805 3528 939 3580 uno,
967 3529 1155 3585 neque
1196 3530 1265 3568 ex
1307 3511 1419 3567 hoo
1459 3508 1605 3578 1000,
1634 3507 1733 3563 sed
1763 3505 1969 3562 eadem
2009 3500 2201 3560 nostra
2229 3507 2301 3563 40

222 3578 796 3665 {fist-laboriosissima
838 3588 1057 3647 ratione
1097 3589 1246 3660 vitae,
1276 3588 1325 3645 si
1354 3598 1540 3645 vestra
1578 3584 1839 3643 voluntas
1880 3583 2042 3652 seret,
2072 3599 2205 3638 oon-
2299 3594 2436 3641 ff

506 3682 555 3723 r.

448 3745 721 3816 mobrem‚
765 3745 1040 3821 quidquid
1080 3746 1137 3804 in
1180 3747 1293 3807 hae
1332 3743 1511 3805 eausa
1549 3744 1693 3799 mihi
1732 3753 2057 3816 susceptum
2097 3751 2205 3812 est,

212 3818 510 3898 Quirites,
541 3822 600 3880 id
626 3842 796 3958 omene
823 3843 917 3889 me
943 3824 1276 3901 reipublieae
1313 3823 1493 3881 eausa
1535 3819 1856 3894 suscepisse
1896 3817 2209 3878 confirmo:

2589 4100 2647 4206 ati
