2667 4242
658 334 934 385 oaATm
978 335 1119 386 rao
1164 324 1226 386 Τ.
1267 330 1500 386 Ammo
1545 332 1845 388 MILONE.
2188 389 2203 400 ,
2230 342 2344 403 101

264 492 272 497 '
329 478 501 542 Quid
530 481 690 538 enim
717 479 883 538 nobis
910 480 1153 553 duobuS,
1178 481 1428 558 judiceS‚
1455 480 1842 541 laboriosius?
1883 481 2028 558 quid
2055 482 2247 561 magis

243 559 581 632 sollicitum,
622 560 809 637 magis
848 561 1187 634 exercitum,
1229 561 1351 619 dici
1392 571 1493 620 aut
1530 561 1674 639 fingi
1712 564 1943 639 potest?
1984 562 2103 639 qui,
2145 582 2248 640 spe

243 638 733 715 amplissimorum
773 641 1138 716 praemiorum
1182 641 1267 701 ad·
1309 640 1730 717 rempublicam
1785 640 2043 715 adducti,
2086 652 2247 700 metu

242 718 781 777 crudelissimorum
830 720 1240 796 suppliciorum
1265 733 1490 779 'carere
1521 740 1637 779 non
1662 739 1985 799 possumus.
2068 721 2249 797 Equi·-

242 798 382 855 dem
412 810 655 856 caeteras
682 808 1051 876 tempestates
1078 810 1138 858 et
1162 800 1465 876 procellae,
1494 798 1555 858 in
1599 801 1714 859 illis
1750 800 2033 858 duntaxat
2057 800 2247 869 flucti-
2307 804 2347 859 5

240 877 356 934 bus
385 878 755 948 concionum,
785 898 1008 955 semper
1034 880 1229 956 putavi
1280 879 1489 938 Miloni
1529 899 1657 938 esse
1705 880 2057 952 subeundae,
2085 878 2247 956 quod

241 975 474 1033 semper
502 977 605 1033 pro
634 958 799 1016 bonis
827 969 1030 1016 contra
1056 959 1343 1036 improbos
1384 969 1678 1017 senserat:
1724 958 1784 1017 in
1820 959 2046 1036 judicio
2083 957 2244 1031 vere,

240 1046 305 1094 et
333 1036 394 1094 in
423 1056 496 1094 eo
523 1037 783 1109 consilio,
814 1037 873 1095 in
903 1057 1018 1112 quo
1044 1058 1115 1096 ex
1153 1039 1383 1097 cunctis
1427 1039 1729 1097 ordinibus
1773 1039 2110 1115 amplissimi
2137 1036 2246 1096 viri

146 1182 153 1186 .
251 1115 612 1192 judicarent,
641 1136 936 1193 nunquam
985 1117 1308 1175 existimavi
1354 1136 1514 1194 spem
1561 1118 1742 1175 ullam
1781 1137 1909 1177 esse
1950 1117 2247 1176 habituros

242 1194 492 1253 Milonis
547 1197 833 1267 inimicos,
891 1197 965 1254 ad
1018 1197 1163 1273 ejus,
1219 1217 1334 1254 non
1377 1197 1621 1255 salutem
1664 1196 1835 1255 modo
1877 1195 2244 1275 exstinguen-
2275 1200 2345 1255 10

240 1274 403 1346 dam,
427 1276 529 1333 sed
560 1276 735 1334 etiam
765 1276 1004 1353 gloriam
1034 1296 1134 1352 per
1163 1276 1310 1334 tales
1337 1273 1970 1353 viroffinfringendam.

324 1353 708 1430 Quanquam,
737 1355 797 1413 in
827 1355 940 1413 hac
969 1355 1167 1428 causa,
1192 1355 1442 1432 judices,
1472 1355 1547 1414 T.
1581 1355 1765 1414 Annii
1806 1355 2125 1427 tribunatu,
2153 1373 2242 1413 re-

245 1447 470 1510 busque
497 1435 765 1493 omnibus
792 1455 894 1511 pro
921 1436 1105 1493 salute
1134 1435 1468 1512 reipublicae
1496 1436 1695 1513 gestiS,
1727 1436 1801 1493 ad
1838 1434 2011 1512 hujus
2053 1434 2247 1492 crimi-

238 1512 339 1570 nis
368 1513 762 1572 defensionem
792 1534 906 1572 non
937 1515 1277 1573 abutemur:
1321 1515 1433 1572 nisi
1460 1512 1650 1573 oculis
1693 1514 1954 1573 videritis
1996 1512 2240 1573 insidias

241 1590 458 1651 Miloni
509 1613 542 1651 a
584 1594 792 1653 Clodio
847 1594 1050 1666 factas,
1096 1614 1208 1653 nec
1252 1594 1617 1672 deprecaturi
1644 1613 1864 1666 sumus,
1909 1605 1973 1651 ut
2020 1593 2242 1652 crimen
2275 1596 2343 1650 15
2404 1604 2510 1632 *Α

241 1672 359 1730 hoc
400 1674 586 1745 nobis,
632 1674 816 1731 multa
859 1685 1084 1750 propter
1127 1675 1410 1764 praeclara
1438 1673 1498 1732 in
1552 1673 1972 1750 rempublicam
2014 1672 2242 1745 merita,

242 1752 621 1824 condonetis;
665 1773 777 1810 nec
803 1754 1164 1830 postulaturi,
1193 1764 1276 1826 ut,
1307 1753 1356 1811 si
1405 1773 1558 1812 mors
1600 1753 1665 1811 P.
1696 1753 1890 1811 Clodii
1918 1753 2076 1810 salus
2117 1770 2246 1809 ves-

239 1838 336 1889 tra
377 1832 569 1903 suerit,
617 1833 838 1890 idcirco
881 1852 1011 1890 eam
1055 1833 1250 1891 virtuti
1299 1833 1538 1891 Milonis
1580 1830 1790 1911 potius,
1834 1830 2011 1908 quam
2050 1829 2243 1907 populi

153 1919 169 1935 “
241 1910 505 1969 Romani
561 1912 844 1984 felicitati,
903 1913 1223 1989 assignetis.
1336 1913 1444 1970 Sin
1499 1912 1655 1970 illius
1701 1910 1927 1969 insidiae
1970 1910 2245 1969 clariores

241 1990 360 2048 hac
386 1991 521 2050 luce
550 1992 782 2064 fuerint,
812 2003 934 2050 tum
980 1993 1229 2068 denique
1276 1993 1596 2051 obsecrabo
1636 1991 2081 2065 obtestaborque
2120 2007 2240 2061 VOS,
2270 1989 2344 2044 20
2374 2000 2380 2006 ·

252 2070 507 2146 judices,
537 2072 586 2129 si
616 2082 827 2129 caetera
857 2070 1171 2142 amisimus,
1201 2073 1312 2130 hoc
1342 2072 1547 2128 saltem
1574 2070 1741 2129 nobis
1768 2079 1840 2147 'ut
1866 2069 2243 2144 relinquatur,

245 2150 321 2207 ab
351 2150 718 2209 inimicorum
749 2151 996 2209 audacia
1024 2151 1269 2226 telisque
1317 2151 1496 2208 vitam
1539 2160 1604 2206 ut
1647 2146 1885 2226 impune
1930 2148 2108 2206 liceat
2147 2145 2245 2204 de‘-

244 2229 505 2288 sendere.
2133 2238 2146 2249 ‘

325 2309 444 2367 ΙΙΙ.
517 2310 655 2382 Sed,
687 2319 996 2385 antequam
1027 2311 1096 2367 ad
1129 2328 1258 2367 eam
1285 2308 1605 2367 orationem
1634 2306 1823 2379 veni0,
1854 2325 1981 2382 quae
2010 2315 2098 2365 est
2121 2324 2248 2384 pro-

239 2388 369 2466 pria
397 2398 605 2447 nostrae
646 2390 996 2466 quaestioniS,
1045 2390 1313 2447 videntur
1357 2408 1429 2447 ea
1470 2407 1598 2446 esse
1644 2386 1969 2459 refutanda,
2019 2405 2147 2461 quae
2187 2394 2246 2446 et
2270 2383 2344 2439 25

243 2469 305 2526 in
334 2478 541 2527 senatu
573 2470 644 2527 ab
673 2468 927 2527 inimicis
963 2488 1113 2547 saepe
1136 2469 1357 2545 jactata
1404 2476 1557 2540 sunt,
1587 2478 1646 2526 et
1694 2467 1754 2526 in
1783 2466 2065 2526 concione
2091 2486 2246 2544 saepe

243 2549 319 2605 ab
377 2549 670 2625 improbis,
730 2559 788 2606 et
842 2547 1016 2625 paulo
1077 2546 1212 2607 ante
1274 2550 1347 2606 ab
1403 2548 1871 2618 accusatoribus3
1941 2556 2025 2619 ut,
2081 2546 2241 2605 omni

245 2625 497 2709 [errore]
531 2629 775 2700 sublato,
805 2648 926 2686 rem
970 2627 1166 2706 plane,
1210 2647 1337 2704 quae
1385 2628 1543 2686 venit
1590 2628 1648 2686 in
1693 2628 2000 2705 judicium,
2046 2625 2244 2685 videre

105 2698 112 2704 ’
138 2706 144 2711 ”
237 2707 492 2784 possitis.

322 2787 564 2864 Negant
592 2786 802 2845 intueri
830 2788 1024 2845 lucem
1054 2807 1181 2845 esse
1212 2787 1297 2845 fas
1324 2787 1402 2858 ei,
1430 2786 1529 2861 qui
1568 2806 1603 2845 a
1648 2806 1710 2845 se
1753 2786 2047 2846 hominem
2088 2785 2243 2845 occi·
2267 2784 2340 2840 30

237 2885 370 2924 sum
400 2886 529 2925 esse
552 2867 814 2924 fateatur.
899 2866 970 2924 In
1000 2866 1114 2943 qua
1143 2867 1380 2924 tandem
1408 2868 1551 2925 urbe
1580 2868 1690 2925 hoc
1728 2867 1989 2925 homines
2029 2865 2244 2923 stultis-

236 2946 372 3003 simi
417 2946 752 3022 disputant?
813 2965 1022 3022 nempe
1079 2946 1137 3004 in
1192 2945 1285 3017 ea,
1345 2965 1472 3021 quae
1525 2945 1774 3023 primum
1823 2945 2112 3022 judicium
2165 2945 2241 3003 de

235 3025 433 3101 capite
461 3026 605 3083 vidit
652 3025 736 3083 M.
769 3017 1025 3097 Horatii}
1067 3026 1361 3083 fortissimi
1405 3025 1549 3096 viri;
1592 3026 1711 3101 qui,
1755 3026 2014 3083 nondum
2053 3016 2242 3081 libera

235 3106 497 3176 civitate,
543 3116 739 3163 tamen
785 3105 1278 3182 populi‘Romani
1321 3105 1573 3163 comitiis
1616 3104 1894 3161 liberatus
1946 3111 2054 3172 est,
2100 3100 2239 3159 cum
2292 3136 2340 3147 —-

233 3185 344 3242 sua
375 3203 553 3255 manu
583 3204 832 3243 sororem
862 3185 1227 3243 interfectam
1256 3193 1384 3243 esse
1415 3185 1706 3242 fateretur.
2263 3178 2337 3234 35

316 3267 536 3325 Annest
563 3265 887 3341 quisquam,
919 3264 1015 3339 qui
1046 3266 1157 3322 hoc
1186 3265 1431 3341 ignoret,
1462 3261 1600 3322 cum
1623 3262 1716 3320 de
1763 3258 1997 3318 homine
2042 3258 2241 3318 occiso

230 3355 547 3421 qmmur‚
580 3354 677 3401 aut
717 3345 920 3421 negari
968 3345 1150 3402 solere
1192 3342 1428 3403 omnino
1469 3363 1597 3400 esse
1643 3342 1881 3410 factum,
1928 3349 2045 3410 aut,
2074 3336 2236 3397 recte

232 3420 467 3503 acjuze
492 3422 712 3481 sactum
751 3443 897 3494 esse,
927 3424 1203 3481 defendi'l
1285 3422 1421 3480 Nisi
1450 3421 1584 3480 vero
1614 3418 1974 3490 existimatis»,
2004 3420 2239 3476 demen-

232 3500 453 3565 tamn.
484 3504 830 3563 Africanum
878 3503 1074 3573 fuisse,
1121 3503 1239 3578 qui,
1288 3500 1425 3560 cum
1471 3521 1504 3559 a
1552 3501 1621 3561 C.
1672 3500 1961 3570 Carbone,
2004 3498 2238 3556 tribuno

228 3570 443 3721 galiis,
500 3582 561 3641 iii
615 3584 896 3641 concione
952 3581 1222 3640 seditiose
1278 3581 1751 3658 interrogaretur,
1808 3578 1947 3654 quid
2003 3578 2077 3635 de
2133 3575 2234 3656 Ti,
2261 3572 2334 3629 40

132 3676 142 3691 ·
260 3662 495 3733 ‘raeehi
525 3679 706 3721 morte
737 3664 995 3733 sentiret,
1043 3661 1357 3738 respondit,
1402 3661 1530 3737 jure
1575 3678 1789 3717 caesum
1833 3657 2031 3715 videri.
2115 3654 2236 3715 Ne-
2579 3693 2602 3718 .

138 3812 150 3824 ⁸
270 3760 347 3803 ue
377 3736 535 3801 enim
565 3754 754 3819 posset
784 3755 882 3799 aut
913 3742 1106 3799 Ahala
1134 3742 1230 3799 ille
1271 3740 1572 3811 ServiliuS,
1624 3748 1722 3796 aut
1749 3737 1814 3795 P.
1845 3736 2089 3810 Nasica,
2134 3745 2235 3795 aut

228 3763 301 3882 ἓ.
332 3822 629 3899 Opimius,
677 3835 775 3879 aut
817 3823 887 3881 C.
920 3821 1166 3892 Marius,
1215 3830 1332 3892 aut,
1379 3839 1473 3889 me
1517 3818 1774 3888 consule,
1820 3826 2075 3889 senatus,
2116 3836 2233 3875 non

228 3902 498 3962 nefarius
526 3902 746 3971 haberi,
777 3903 826 3959 si
855 3902 1167 3960 sceleratos
1196 3900 1353 3957 cives
1382 3897 1629 3956 interfici
1676 3896 1841 3955 nefas
1868 3908 2035 3954 esset.
2037 3894 2076 4011 Ι
2117 3894 2236 3955 Ita-

719 3981 812 4039 9*
