2667 4242
380 314 497 377 182
987 315 1261 367 ORATIO
1304 315 1383 367 m
1428 316 1505 366 M.
1549 315 1955 367 Alv'ronmu.

551 456 624 516 V.
694 459 811 518 Sed
840 457 977 518 cum
1016 458 1180 532 mihi,
1234 459 1436 518 Patres
1482 458 1833 535 Conscripti‚
1880 470 1940 519 et
1963 481 2069 538 pro
2095 480 2192 521 me
2222 464 2443 540 ahquid

474 545 534 595 et
562 536 620 595 in
650 536 732 596 Μ.
764 539 1081 597 Antonium
1109 539 1291 597 multa
1317 539 1569 597 dicenda
1595 538 1742 608 sint3
1787 540 2031 598 alterum
2057 552 2195 617 peto
2224 562 2264 600 a
2283 544 2444 602 vobis

473 628 539 673 ut
567 635 678 686 me,
706 637 807 693 pro
832 636 925 676 me
952 618 1264 690 dicentem,
1292 616 1579 695 benign&
1623 618 1868 675 alterum
1909 618 2030 695 ipse
2070 621 2351 693 efficiam,
2382 633 2464 696 ut,

474 706 675 753 contra
703 696 862 754 illum
891 695 1026 754 cum
1053 697 1267 768 dicam,
1298 695 1516 755 attente
1560 696 1827 755 audiatis,
1911 698 2098 756 Simul
2131 700 2281 757 illud
2319 721 2463 761 oro:

408 787 446 840 5
474 774 523 831 si
552 792 759 846 meam,
788 773 923 831 cum
953 775 1012 832 in
1054 775 1213 834 omni
1262 776 1397 847 viui,
1425 785 1549 833 tum
1597 776 1658 833 in
1705 776 1974 847 dicendo,
2003 778 2463 839 moderationem

472 852 925 928 modestiamque
970 853 1282 931 cognostis,
1330 874 1408 913 ne
1450 872 1545 913 me
1591 854 1783 925 hodie,
1813 852 1950 912 cum
1997 855 2113 927 isti,
2151 862 2219 914 u't
2265 877 2462 933 provo-

474 929 646 1001 cavit,
674 932 1038 1007 respondero,
1083 933 1328 991 oblitum·
1369 952 1496 991 esse
1538 933 1756 1009 putetis
1794 933 1928 991 mei.
2011 933 2151 993 Non
2198 938 2461 996 tractabo

472 1019 538 1067 ut
565 1010 898 1082 consulem;
939 1031 1014 1070 ne
1061 1011 1158 1070 ille
1206 1012 1440 1087 quidem
1482 1030 1576 1070 me
1624 1022 1689 1069 ut
1735 1012 2118 1071 consularem.
2203 1014 2337 1073 Etsi
2367 1017 2459 1074 ille

473 1088 633 1147 nullo
670 1091 840 1149 modo
878 1091 1098 1162 consul,
1152 1092 1241 1149 vel
1295 1089 1452 1166 quod
1506 1090 1589 1149 ita
1641 1090 1800 1162 vivit,
1855 1091 1946 1148 vel
2001 1090 2161 1166 quod
2215 1093 2303 1152 ita
2341 1114 2456 1153 rem

377 1176 446 1230 10
472 1168 765 1244 publicam
794 1170 960 1245 gerit,
988 1171 1075 1228 vel
1105 1168 1262 1245 quod
1289 1170 1373 1228 ita
1400 1170 1588 1229 sactus
1614 1178 1702 1228 est
1742 1169 1944 1227 consul
1969 1188 1983 1227 ε
2025 1189 2157 1248 ego,
2186 1172 2319 1230 sine
2345 1174 2458 1231 ulla

475 1249 880 1321 controversia,
909 1249 1243 1307 consularis.
1911 1250 1916 1253 ’

556 1327 634 1386 Ut
661 1327 835 1403 igitur
862 1327 1276 1404 intelligeretis,
1304 1327 1535 1402 qualem
1563 1326 1685 1403 ipse
1731 1344 1794 1383 se
1842 1327 2144 1385 consulem
2168 1329 2459 1405 profitere-

364 1474 385 1488 ,
473 1415 587 1477 tur,
615 1406 827 1482 objecit
852 1406 995 1467 mihi
1023 1408 1385 1464 consulatum
1413 1424 1624 1464 meum.
1704 1404 1834 1467 Qui
1881 1406 2242 1479 consulatue,
2288 1411 2458 1468 verbo

475 1502 657 1555 meus,
705 1485 906 1542 Patres
947 1485 1295 1562 conscripti,
1350 1504 1413 1543 re
1468 1495 1652 1543 vester
1707 1483 1830 1541 suit.
1911 1482 2080 1545 Quid
2134 1487 2298 1544 enim
2352 1508 2457 1565 ego

378 1566 447 1623 15
476 1563 763 1633 constitui,
793 1563 929 1638 quid
959 1563 1129 1640 gessi,
1158 1564 1297 1638 quid
1324 1563 1440 1640 egi,
1470 1562 1582 1620 nisi
1608 1581 1680 1620 ex
1719 1562 1892 1639 hujus
1935 1563 2156 1621 ordinis
2196 1567 2452 1638 consilio,

476 1641 834 1713 auctoritate,
862 1642 1193 1701 sententia?
1275 1642 1425 1701 Haec
1470 1651 1554 1711 tu,
1593 1642 1766 1700 homo
1807 1640 2057 1716 sapiens,
2104 1662 2222 1701 non
2273 1643 2454 1703 solum

461 1720 765 1796 eloquens,
796 1720 944 1797 apud
971 1740 1089 1792 eos,
1118 1739 1361 1796 quorum
1388 1720 1631 1779 consilio
1673 1719 2074 1795 sapientiaque
2109 1733 2279 1798 gesta
2305 1733 2452 1795 sunt,

476 1818 649 1857 ausus
675 1819 739 1856 es
766 1800 1131 1875 vituperare?
1210 1800 1369 1861 Quis
1417 1812 1630 1869 autem,
1659 1815 1853 1856 meum
1896 1800 2286 1873 consulatum,
2315 1822 2453 1878 pre·
2503 1836 2508 1843 ·

473 1887 562 1936 ter
590 1878 652 1936 P.
682 1878 972 1949 Clodium,
1000 1878 1099 1953 qui
1128 1877 1496 1954 vituperaret,
1523 1877 1790 1936 inventus
1831 1877 1964 1934 est‘l
2007 1878 2178 1954 cujus
2220 1881 2456 1956 quidem

372 1967 446 2022 20
473 1967 533 2015 te
561 1957 760 2028 fatum,
789 1957 959 2016 sicuti
987 1958 1057 2015 C.
1088 1957 1424 2028 Curionem,
1453 1967 1684 2027 manet3
1724 1954 1998 2031 quoniam
2045 1955 2105 2014 id
2151 1959 2314 2017 domi
2340 1970 2456 2018 tuo

473 2047 579 2106 cst,
609 2037 758 2111 quod
788 2036 895 2094 fuit
922 2037 1144 2095 illorum
1175 2035 1402 2110 utrique
1431 2035 1621 2094 fatale.

551 2114 611 2172 N
613 2135 685 2173 on
713 2116 905 2191 placet
931 2115 1015 2173 M.
1046 2114 1302 2173 Antonio
1347 2114 1679 2172 consulatus
1725 2130 1905 2171 meus.
1989 2113 2074 2171 At
2118 2115 2343 2191 placuit
2389 2118 2455 2176 P.

476 2193 739 2266 Servilio,
768 2206 833 2252 ut
857 2213 991 2253 eum
1017 2194 1266 2271 primum
1310 2193 1605 2250 nominem
1632 2211 1706 2251 ex
1751 2191 1905 2249 illius
1947 2195 2223 2268 temporis
2252 2215 2459 2254 consu-

473 2273 708 2345 laribus,
737 2273 836 2348 qui
862 2271 1117 2348 proxime
1146 2282 1403 2330 mortuus
1430 2282 1550 2330 est:
1590 2270 1811 2346 placuit
1834 2269 1917 2330 Q.
1948 2269 2186 2330 Lutatio
2220 2274 2457 2346 Catulo,

370 2360 443 2415 25
474 2352 639 2427 cujus
666 2371 888 2427 semper
914 2351 975 2408 in
1003 2352 1115 2409 hac
1142 2350 1440 2426 republica
1467 2350 1618 2408 vivet
1666 2348 1976 2407 auctoritas
1999 2369 2013 2406 t
2055 2350 2279 2426 placuit
2319 2355 2460 2412 duo-

472 2431 580 2488 bus
626 2430 904 2500 Lucullis,
954 2430 1038 2488 M.
1068 2430 1299 2501 Crasso,
1342 2429 1423 2492 Ω.
1455 2428 1783 2499 Hortensio,
1813 2427 1883 2485 C.
1914 2427 2178 2501 Curioni,
2228 2429 2317 2487 M.
2347 2432 2459 2491 Le-

470 2509 623 2585 pide,
653 2509 722 2567 0.
752 2507 966 2579 Pisoni,
1015 2508 1098 2566 Μ’
1128 2507 1450 2579 Glabrioni,
1480 2507 1548 2566 L.
1579 2506 1865 2578 Volcati0‚
1896 2506 1968 2565 C.
1998 2507 2228 2585 Figulo,
2260 2510 2335 2567 D.
2367 2512 2460 2571 Si.-

472 2588 623 2657 lan0,
651 2597 709 2644 et
737 2586 802 2644 L.
829 2586 1110 2658 Murenae,
1141 2587 1238 2662 qui
1265 2597 1388 2646 tum
1410 2596 1576 2644 erant
1592 2587 1858 2645 consules
1884 2584 2208 2663 designati:
2234 2589 2458 2663 placuit

472 2666 646 2736 idem,
675 2666 825 2740 quod
853 2667 1268 2737 consularibus,
1288 2666 1373 2724 M.
1403 2665 1615 2742 (latoni
1639 2685 1652 2723 ε
1696 2664 1793 2740 qui
1822 2662 1959 2723 cum
1987 2666 2187 2738 muita,
2212 2664 2332 2725 viat
2359 2688 2459 2726 ex-

370 2749 444 2805 30
473 2744 706 2815 cedens,
733 2744 996 2820 providit,
1023 2756 1146 2804 tum
1172 2743 1327 2820 quod
1355 2755 1414 2803 te
1442 2744 1735 2803 consulem
1784 2763 1898 2802 non
1949 2745 2108 2803 vidit.
2192 2744 2455 2805 Maxime

472 2821 607 2881 vero
635 2823 994 2882 consulatum
1038 2843 1230 2882 meum
1278 2824 1389 2882 Cn.
1420 2823 1727 2898 Pompeius
1752 2825 2012 2899 probavit
2032 2868 2047 2894 ,
2090 2824 2211 2900 qui,
2253 2835 2321 2882 ut
2359 2845 2455 2884 me

469 2900 761 2978 primuni*
768 2904 1057 2962 decedens
1099 2921 1172 2961 ex
1224 2902 1393 2979 Syria
1437 2902 1600 2972 vidit,
1645 2902 1978 2977 complexus
2024 2913 2084 2961 et
2129 2904 2452 2979 gratulans,

471 3001 600 3041 meo
627 2982 910 3041 beneficio
932 2982 1177 3059 patriam
1205 3000 1267 3041 se
1314 2981 1570 3039 visurum
1610 3000 1738 3039 esse
1774 2981 1936 3040 dixit.
2020 2982 2140 3040 Sed
2167 2981 2309 3057 quid
2335 2982 2455 3040 sin-

471 3060 635 3138 gulos
682 3062 1106 3120 commemoro?
1168 3059 1628 3135 frequentissimo
1674 3060 1901 3118 senatui
1948 3060 2035 3118 sic
2075 3060 2321 3135 placuit,
2387 3070 2452 3118 ut

316 3208 322 3215 ⁶
370 3151 442 3207 35
472 3150 623 3199 esset
665 3159 852 3212 nemo,
882 3141 980 3216 qui
1026 3139 1170 3198 mihi
1210 3159 1347 3210 non,
1396 3147 1459 3196 ut
1500 3138 1743 3215 parenti,
1790 3139 2007 3215 gratias
2054 3149 2289 3215 ageret;
2351 3139 2451 3213 qui

471 3240 587 3279 non
629 3218 789 3294 mihi⁴
818 3219 993 3277 vitam
1022 3219 1223 3290 suam,
1270 3218 1500 3289 liberos,
1530 3217 1803 3289 fortunas,
1831 3217 2250 3296 rempublicam
2276 3218 2451 3277 refer-

473 3309 559 3357 ret
587 3316 728 3356 acce
767 3308 902 3355 tam.

553 3377 656 3435 VI.
703 3318 839 3448 sled,
869 3374 1138 3450 quoniam
1167 3374 1280 3433 illis
1307 3394 1449 3449 quos
1476 3374 1786 3446 nominavi,
1814 3384 1897 3432 tot
1925 3384 1985 3432 et
2029 3373 2246 3432 talibus
2292 3374 2446 3447 viris,
2529 3388 2534 3395 ·

472 3456 798 3531 respublica
836 3455 1037 3513 orbata
1063 3464 1181 3523 est;
1223 3454 1526 3511 veniamus
1574 3453 1646 3511 ad
1693 3454 1869 3525 vivos,
1898 3452 1997 3528 qui
2039 3454 2153 3511 duo
2180 3473 2215 3510 e
2243 3473 2445 3512 consu-

372 3545 443 3601 40
472 3536 678 3593 larium
707 3554 946 3592 numero
972 3532 1176 3608 reliqui
1219 3542 1369 3590 sunt.
1453 3532 1520 3590 L.
1551 3533 1742 3604 Cotta,
1790 3532 1875 3590 vir
1924 3537 2147 3589 summo
2193 3531 2443 3609 ingenie,

472 3614 808 3686 summaque
849 3612 1173 3688 prudentia,
1203 3595 1376 3669 rebus
1422 3610 1494 3668 iis
1540 3611 1716 3687 gestis
1756 3630 1899 3685 quas
1924 3605 2008 3668 ‘tu
2053 3610 2444 3685 reprehendis,

471 3691 948 3765 supplicationem
996 3690 1252 3748 decrevit
1293 3690 1484 3748 verbis
1513 3688 1911 3765 amplissimis:
1975 3688 2144 3764 eique
2192 3689 2277 3746 illi
2318 3688 2444 3765 ipsi,

471 3786 613 3839 quos
640 3767 808 3824 modo
838 3768 1146 3839 nominavi,
1176 3769 1527 3837 consulares,
1571 3779 1919 3840 senatusque
1963 3777 2211 3825 cunctus
2256 3787 2444 3826 assen-

472 3861 570 3899 sus
612 3853 733 3900 est:
772 3845 894 3918 -qui
942 3846 1140 3917 honos,
1168 3854 1293 3922 post
1321 3845 1616 3903 conditam
1643 3846 1797 3903 hanc
1837 3845 2061 3917 urbem,
2090 3846 2325 3907 habitus
2359 3856 2448 3905 est
