2667 4242
676 318 957 408 ὀιιᾼτιο
1000 336 1140 387 PRO
1182 336 1380 387 LEGE
1424 300 1757 387 mmm.
2122 336 2130 343 ·
2231 342 2314 400 55
2395 374 2404 385 .

218 477 457 555 magnis
508 478 688 555 copiis
739 480 1102 538 minitantem
1154 481 1335 552 Asiae,
1376 479 1704 539 retardavit.
1786 478 1865 537 Et
1902 474 2230 570 quisquam'
2297 544 2306 553 ‚

219 557 535 629 dubitabit,
565 558 702 632 quid
729 559 938 616 virtute
961 560 1321 636 perfecturus
1349 559 1443 631 sit,
1473 559 1570 634 qui
1599 568 1821 616 tantum
1864 559 2208 617 auctoritate

216 637 574 712 perfecerit?
619 647 718 693 aut
731 656 941 718 quam
945 636 1118 695 facile
1159 638 1400 728 imperio
1435 647 1607 712 atque
1635 636 1891 694 exercitu
1919 637 2107 695 socios
2145 647 2206 695 et

215 715 538 850 {ectigalia
563 726 1002 774 conservaturus
1040 717 1134 788 sit,
1142 718 1262 800 qui
1301 717 1426 794 ipso
1464 716 1700 775 nomine
1729 734 1811 774 ac
1850 734 2079 774 rumore
2106 717 2204 773 de·
2269 789 2307 842 5
2389 751 2398 761 ·

241 794 516 852 enderit'l

301 871 478 930 XVI.
545 873 680 950 Age
706 871 863 945 vero,
893 874 993 931 illa
1010 894 1112 932 res
1138 883 1413 951 quantam
1442 873 1699 932 declarat
1724 872 1982 949 ejusdem
2023 873 2203 931 homi-

213 950 317 1007 nis
348 952 499 1027 apud
541 953 732 1009 hostes
769 968 960 1029 popuii
1000 953 1257 1010 Romani
1300 953 1721 1024 auctoritatem,
1751 951 1905 1027 quod
1946 971 2018 1009 ex
2056 952 2202 1009 locis

212 1038 347 1085 tam
388 1031 737 1108 longinquis,
778 1040 1009 1106 tamque
1047 1032 1319 1102 diversis,
1348 1036 1468 1088 tam
1509 1032 1664 1089 brevi
1703 1042 1956 1106 tempore
2001 1048 2201 1088 omnes

214 1108 332 1165 uni
382 1109 524 1165 huic
572 1102 664 1166 sc(
688 1109 1069 1167 dediderunt?
1126 1109 1282 1185 quod
1321 1109 1689 1166 Cretensium
1728 1109 2000 1185 legati,c
1960 1075 2099 1166 ’'fim
2140 1110 2199 1167 in

215 1204 433 1244 eorum
487 1186 675 1244 insula
734 1198 926 1246 noster
981 1188 1285 1264 imperator
1325 1188 1725 1263 exercitusque
1764 1197 1935 1259 esset,
1976 1188 2048 1244 ad
2089 1187 2198 1245 Cn.
2238 1190 2306 1242 10

156 1298 170 1309 -
213 1263 567 1340 Pompeium
608 1265 668 1322 in
710 1264 940 1324 ultimas
977 1285 1151 1342 prope
1188 1277 1371 1324 terras
1397 1277 1694 1338 venerunt,
1724 1265 1891 1342 eique
1918 1285 1980 1324 se
2003 1285 2206 1323 omnes
2221 1300 2260 1307 —

214 1343 598 1400 Cretensium
652 1344 915 1402 civitates
966 1346 1179 1402 dedere
1230 1345 1378 1403 velle
1431 1345 1737 1402 dixerunt?
1802 1344 2007 1406 Quid?
2051 1345 2202 1402 idem

214 1421 334 1479 iste
378 1422 764 1494 Mithridates,
793 1443 1003 1493 nonne,
1035 1442 1068 1479 a
1134 1424 1384 1481 eundem
1426 1423 1534 1480 Cn.
1566 1424 1920 1499 Pompeium,
1948 1424 2201 1500 legatum

214 1520 413 1590 usque
449 1500 508 1558 in
553 1500 893 1592 Hispaniam
923 1424 1138 1585 misit}
1153 1520 1400 1577 eumque
1443 1501 1748 1578 Pompeius
1775 1502 2027 1578 legatum
2056 1520 2202 1559 sem-

214 1585 322 1654 per
355 1581 379 1655 j
423 1580 677 1643 dicavit:
712 1580 772 1651 ii,
807 1580 1016 1655 quibus
1050 1599 1272 1656 semper
1313 1591 1438 1638 erat
1479 1581 1798 1651 molestum,
1830 1581 1902 1637 ad
1937 1598 2069 1638 eum
2107 1599 2202 1656 po-
2238 1580 2344 1634 15„
2381 1624 2424 1661 Γ.

215 1658 409 1714 tissim'
454 1677 510 1714 m
539 1677 664 1716 esse
690 1659 949 1730 missum,
978 1659 1414 1735 speculatorem,
1442 1657 1615 1734 quam
1653 1659 1925 1735 legatum,
1949 1659 2200 1735 judicari

217 1729 595 1812 maluerunt.
650 1737 893 1795 Potestls
935 1738 1108 1815 igitur
1144 1738 1265 1813 jam
1306 1739 1676 1809 constituere,
1717 1738 2004 1828 Quirites,
2047 1738 2201 1794 hanc

221 1806 647 1887 auctoritatem,
689 1817 884 1873 multis
935 1827 1133 1892 postea
1171 1817 1346 1873 rebus
1384 1817 1579 1892 gestis,
1623 1817 1960 1893 magnisque
1999 1817 2202 1873 vestris

216 1892 479 1969 judiciis·
513 1892 937 1970 amplificatam,
979 1893 1260 1969 quantum
1314 1895 1468 1970 apud
1521 1895 1647 1952 illos
1692 1914 1878 1985 reges,
1920 1893 2200 1970 quantum

207 1974 378 2048 ’apud
406 1982 632 2030 exteras
658 1974 938 2043 nationes,
967 1973 1270 2029 valituram
1299 1992 1425 2030 esse
1453 1974 2012 2030 existimetis..
2232 1972 2306 2025 20

306 2050 627 2125 Reliquum
668 2061 774 2121 est,
805 2061 867 2106 ut
908 2052 980 2108 de
1022 2051 1318 2122 felicitate,
1348 2070 1518 2125 quam
1557 2062 1826 2127 praestare
1866 2051 1939 2109 de
1979 2070 2042 2108 se
2083 2051 2203 2126 ipso

223 2146 402 2185 nemo
424 2138 631 2203 potest,
660 2128 989 2185 meminisse
1010 2138 1068 2185 et
1088 2147 1538 2186 commemorare
1564 2130 1636 2186 de
1671 2130 1848 2186 altero
1864 2148 2201 2205 possumus,

224 2207 384 2263 sicut
437 2224 662 2281 aequum
692 2216 805 2264 est
857 2207 1075 2264 homini
1128 2207 1203 2264 de
1254 2217 1533 2296 potestate
1586 2207 1861 2279 Deorum,
1902 2207 2103 2264 timide
2145 2220 2204 2266 et

223 2302 421 2361 pauca
447 2285 726 2342 dicamus.
740 2285 937 2362 Ego
963 2284 1117 2342 enim
1144 2285 1231 2342 sic
1256 2285 1557 2343 existimo:
1599 2286 1873 2358 Maximo,
1902 2286 2199 2358 Marcello,

226 2362 514 2442 Scipioni,
546 2336 793 2435 Mario,
781 2373 839 2420 et
879 2363 1102 2421 caeteris
1143 2364 1369 2439 magnis
1397 2364 1846 2440 imperatoribus,
1876 2384 1989 2424 non
2017 2366 2197 2425 solnm
2232 2370 2322 2427 25¹

129 2448 135 2455 '
220 2452 472 2518 propter
483 2442 768 2513 virtutem,
797 2444 897 2499 sed
928 2443 1100 2500 etiam
1132 2455 1356 2518 propter
1398 2443 1701 2514 fortunam,
1730 2445 1934 2520 saepius
1961 2445 2200 2521 imperia

222 2521 520 2591 mandata,
566 2532 733 2596 atque
778 2521 1067 2579 exercitus
1104 2541 1230 2578 esse
1271 2522 1620 2580 commissos.
1704 2522 1842 2580 Fuit
1881 2523 2034 2581 enim
2075 2544 2198 2600 pro-

224 2597 380 2656 fecto
389 2596 763 2684 ‘quibusdam
803 2600 1042 2667 summis
1082 2600 1217 2657 viris
1255 2590 1518 2675 quaedam
1560 2602 1631 2659 ad
1674 2603 2102 2679 amplitudinem
2140 2614 2198 2661 et

209 2668 486 2751 gloriam,
516 2688 573 2734 et
602 2678 673 2735 ad
703 2699 793 2736 res
820 2698 1060 2755 magnas
1101 2677 1249 2736 bene
1293 2679 1593 2756 gerendas,
1624 2681 1898 2738 divinitus
1926 2682 2199 2757 adjuncta

226 2755 490 2838 fortuna:
547 2757 619 2813 de
666 2758 836 2832 hujus
874 2763 1082 2814 autem
1138 2757 1386 2815 hominis
1439 2758 1733 2829 felicitate,
1775 2777 1887 2834 quo
1926 2760 1998 2818 de
2039 2780 2197 2817 nunc
2230 2767 2301 2819 30

227 2832 472 2908 agimus,
478 2836 614 2892 hac
654 2846 781 2892 utar
817 2837 1207 2894 moderatione
1234 2836 1488 2906 dicendi,
1516 2856 1630 2895 non
1658 2847 1723 2894 ut
1750 2838 1809 2895 in
1838 2838 1991 2895 illius
2017 2848 2199 2914 potes-

160 2974 169 2987 ·
224 2921 343 2969 tate
387 2913 667 2971 fortunam
721 2915 977 2990 positam·
1004 2922 1130 2972 esse
1171 2915 1384 2985 dicam,
1427 2915 1529 2972 sed
1570 2926 1633 2973 ut
1670 2914 1959 2992 prieterita
1999 2917 2200 2972 merni-

225 2990 402 3061 nisse,
424 2993 644 3067 reliqua
664 3012 891 3069 sperare
912 2993 1237 3062 videamur-3
1280 3013 1356 3068 ne
1386 3003 1485 3050 aut
1512 2994 1694 3051 invisa
1720 2994 1850 3052 Diis
1871 2994 2200 3051 immortali-

224 3067 333 3126 bus
360 3071 540 3128 oratio
568 3082 778 3143 nostra,
810 3082 908 3129 aut
935 3072 1177 3149 ingrata,
1207 3091 1333 3129 esse
1362 3072 1639 3130 videatur.
1727 3090 1731 3095 ’

302 3148 509 3223 Itaque
568 3169 683 3208 non
724 3169 853 3206 sum
902 3151 1334 3247 praedicamruS,
1373 3129 1670 3221 Quirites,
1689 3139 1946 3225 quantas
1973 3148 2070 3207 ille
2109 3170 2199 3207 res
2232 3160 2303 3214 35

226 3226 380 3284 domi
410 3228 760 3303 militiasque,
783 3229 935 3287 terra
962 3229 1239 3304 marique,
1262 3229 1591 3304 quantaque
1622 3229 1894 3287 felicitate
1923 3230 2195 3305 gesserit:

227 3315 296 3381 ut
331 3305 456 3379 ejus
508 3325 729 3383 semper
784 3307 1168 3365 voluntatibus
1221 3328 1343 3365 non
1398 3307 1566 3364 modo
1622 3307 1778 3367 cives
1832 3307 2198 3379 assenserint,

227 3383 371 3440 socii
410 3385 871 3461 obtemperatint,
902 3388 1091 3444 hostes
1129 3384 1472 3455 obedierint,
1510 3387 1611 3442 sed
1652 3385 1823 3442 etiam
1867 3384 2019 3442 venti
2061 3396 2202 3442 tem-

225 3470 591 3537 pestatesque
639 3464 1100 3523 obsecundarint.
1187 3465 1318 3521 Hoc
1373 3462 1706 3521 brevissime
1762 3464 1974 3530 dicam,
2022 3465 2202 3521 nemi-

230 3558 360 3598 nem
406 3556 657 3614 unquam
696 3553 812 3601 tam
855 3544 1243 3619 impudentem
1280 3541 1485 3612 fuisse,
1513 3542 1608 3616 qui
1642 3560 1675 3597 a
1716 3541 1845 3597 Diis
1873 3542 2202 3599 immortali·
2233 3551 2304 3605 40

226 3616 335 3675 bus
374 3631 455 3679 tot
481 3630 539 3679 et
566 3632 753 3679 tantas
793 3642 885 3679 res
924 3622 1139 3678 tacitus
1179 3622 1417 3676 auderet
1456 3630 1671 3694 optare,
1701 3628 1837 3691 quot
1877 3627 1935 3673 et
1960 3619 2201 3691 quanta's

229 3694 327 3754 Dii
368 3700 716 3756 immortales
760 3702 832 3756 ad
872 3701 983 3756 Οτι.
1012 3696 1364 3787 Pompeium
1393 3697 1736 3752 detulerunt.
1817 3696 1994 3755 Quod
2027 3708 2087 3754 ut
2117 3699 2198 3758 illi

227 3779 513 3854 proprium
555 3798 625 3836 ac
663 3789 1000 3893 perpetuum
1042 3777 1135 3843 sit,
1159 3774 1451 3845 Quirites,
1480 3771 1617 3829 cum
1646 3769 1983 3831 communis
2004 3776 2201 3833 salutis

993 3933 1021 3962 0
