2667 4242
600 303 877 354 ORATIO
920 305 1060 355 PRO
1102 304 1300 355 REGE
1346 305 1734 356 DEIOTARO.
2165 309 2241 367 81

156 455 282 504 tum
312 445 747 523 sibifflicum,
793 458 1211 525 cognoverant:
1253 447 1502 525 cumque
1548 450 1696 526 apud
1744 449 1930 526 ipsum
1974 458 2035 507 te
2074 449 2148 506 de

155 535 259 583 tuo
286 527 861 601 periculo‘dicerent‚
892 529 1011 585 fore
1055 529 1354 605 putabant,
1387 539 1447 586 ut
1494 529 1553 586 in
1602 529 1930 587 exulcerato
1958 528 2150 586 animo

158 603 340 662 facile
396 605 598 662 fictum
647 607 867 664 crimen
915 596 1204 665 insideret.
1299 607 1698 668 Quamobrem
1743 608 1853 665 hoc
1895 627 1998 665 nos
2040 607 2184 682 pri-·
2559 630 2583 655 υ

154 681 326 739 mum
355 694 541 755 metu,
571 684 682 741 cai
710 684 926 756 Caesar,
953 706 1054 762 per
1082 686 1275 756 fidem,
1303 695 1362 744 et
1388 686 1787 758 constantiam,
1815 697 1875 744 et
1902 684 2178 747 clemen-l

153 760 303 818 tiam
331 771 523 833 tuam,
551 763 755 833 libera,
783 783 859 821 ne
885 764 1136 837 residere
1165 764 1225 822 in
1263 775 1323 821 te
1352 760 1526 822 ullam
1570 775 1790 840 partem
1834 764 2168 867 iracundiae(
2199 715 2614 821 Ν

156 840 552 915 suspicemur.
635 841 746 898 Per
775 842 1030 900 dextram
1058 854 1117 900 te
1164 843 1332 900 istam
1378 862 1497 913 oro,
1524 861 1695 918 quam
1725 843 1847 920 regi
1876 843 2151 901 De‘iotaro

155 919 372 993 hospes
418 919 626 994 hospiti
674 921 1005 996 porrexisti3
1049 922 1238 993 istam,
1268 921 1523 996 inquam,
1552 922 1828 992 dextram,
1872 942 1988 980 non
2031 934 2151 981 tam
2193 978 2217 995 ,

158 995 221 1053 in
270 996 450 1054 bellis
493 1007 552 1055 et
593 998 654 1056 in
688 999 922 1074 proeliis,
951 998 1124 1075 quam
1169 1000 1229 1058 in
1276 1000 1568 1076 promissis
1593 1010 1653 1058 et
1678 1000 1796 1057 fide
1823 1001 2147 1058 firmiorem.

157 1073 263 1130 Tu
291 1075 458 1133 illius
485 1077 716 1134 domum
746 1077 912 1148 inire,
940 1089 1003 1135 tu
1030 1089 1192 1136 vetus
1233 1079 1538 1154 hospitium
1565 1097 1856 1149 renovare,
1886 1079 2109 1136 voluisti
2134 1097 2149 1136 ε

155 1161 219 1210 te
245 1152 378 1229 ejus
409 1154 514 1212 Dii
541 1164 779 1231 penates
808 1168 1189 1233 acceperunt:
1230 1168 1290 1214 te
1331 1156 1584 1215 amicum
1623 1167 1682 1214 et
1706 1157 1997 1233 placatum
2036 1157 2152 1214 De-
2179 1160 2249 1214 10

160 1231 334 1289 iotari
365 1232 528 1308 regis
556 1252 667 1291 arae
697 1234 922 1310 focique
951 1235 1232 1294 viderunt.
1326 1234 1331 1239 ’
1581 1234 1588 1243 ’

240 1309 402 1367 Οὐπι
435 1311 611 1369 facile
641 1315 882 1384 exorari,
912 1315 1129 1385 Caesar,
1157 1323 1282 1371 tum
1308 1313 1484 1371 semel
1514 1312 1755 1384 exorari,
1785 1313 1948 1370 soles.
2032 1312 2153 1371 Ne-
2227 1358 2282 1385 χ
2307 1344 2312 1349 -

162 1406 259 1446 mo
283 1407 553 1464 unquam
578 1401 637 1448 te
663 1391 912 1467 placavit
939 1392 1228 1462 inimicus,
1254 1392 1355 1468 qui
1383 1393 1531 1450 ullas
1571 1392 1853 1450 resedisse
1880 1391 1940 1449 in
1980 1400 2039 1449 te
2079 1391 2152 1448 si·-

163 1468 429 1539 multatis
486 1469 760 1544 reliquias
811 1470 1069 1528 senserit.
1167 1470 1525 1545 Quanquam
1566 1470 1663 1529 cui
1703 1480 1838 1528 sunt
1879 1469 2151 1529 inauditoe

164 1564 299 1602 cum
330 1546 616 1605 Deiotaro
643 1549 889 1622 querelae
915 1552 1070 1608 tuae‘l
1148 1548 1465 1625 Nunquam
1491 1558 1555 1606 tu
1596 1550 1755 1606 illum
1785 1549 2147 1621 accusavisti,
2180 1551 2249 1605 15

166 1632 231 1681 ut
257 1625 510 1696 hostem,
539 1627 640 1684 sed
662 1637 725 1684 ut
753 1627 1004 1685 amicum
1045 1627 1236 1686 officio
1275 1646 1477 1704 parum
1524 1628 1804 1699 functum,
1833 1627 1988 1702 quod
2028 1648 2153 1705 pro-
2374 1678 2381 1683 .
2635 1694 2636 1697 Ἴ

163 1703 396 1777 pensior
439 1704 506 1761 in
546 1705 657 1762 Cn.
702 1705 957 1782 Pompeii
999 1706 1313 1764 amicitiam
1368 1707 1586 1778 fuisset,
1639 1705 1813 1782 quam
1842 1706 1931 1764 -in
1969 1717 2148 1766 tuam.
2635 1710 2636 1765 l

166 1780 285 1838 Cui
310 1792 517 1840 tamen
545 1783 652 1859 ipsi
677 1783 1016 1842 rei·veniam
1043 1795 1101 1843 te
1147 1786 1416 1843 daturum
1463 1785 1640 1843 fuisse
1667 1785 1923 1856 dicebas,
1951 1785 2002 1842 si
2027 1795 2153 1843 tan·
2389 1796 2396 1837 t
2431 1844 2436 1857 Δ
2635 1770 2636 1855 l

168 1857 292 1917 tum
323 1861 546 1919 auxilia
573 1862 862 1939 Pompeio,
892 1863 980 1920 vel
1009 1864 1058 1920 si
1085 1863 1259 1921 etiam
1299 1865 1483 1921 filium
1515 1864 1783 1943 misisset,
1833 1865 1954 1940 ipse
1979 1882 2152 1922 excu-
2239 1851 2560 1902 Ὗ
2635 1892 2636 1905 2

170 1937 392 1998 satione
419 1941 610 1998 aetatis
636 1961 774 1998 usus
793 1951 960 1999 esset.
1042 1941 1154 2013 Ita,
1185 1941 1320 2001 cum
1349 1942 1613 2001 maximis
1639 1946 1774 2000 eum
1812 1943 1986 2001 rebus
2012 1943 2151 2000 libe-
2176 1941 2249 1995 20
2635 1954 2636 1987 1

84 2007 147 2051 Χ
171 2035 347 2089 rares,
374 2036 716 2097 perparvam
745 2019 1015 2078 amicitiae
1041 2021 1269 2097 culpam
1296 2020 1678 2096 relinquebas.

250 2095 458 2173 Itaque
503 2119 618 2156 non
657 2097 842 2156 solum
886 2098 945 2157 in
993 2118 1126 2156 eum
1171 2118 1285 2158 non
1332 2098 1803 2169 animadvertisti,
1851 2099 1954 2156 sed
1991 2097 2149 2156 omni

177 2185 329 2233 metu
355 2177 697 2248 liberavisti,
726 2177 1007 2254 hospitem
1036 2177 1335 2255 agnovisti,
1365 2195 1560 2254 regem
1601 2176 1879 2252 reliquisti
1909 2195 1923 2234 :
1964 2195 2154 2251 neque

176 2253 328 2311 enim
357 2255 458 2315 ille
488 2256 622 2315 odio
647 2256 731 2314 tui
757 2275 1110 2333 progressuS,
1139 2257 1241 2314 sed
1281 2275 1473 2314 errore
1512 2255 1802 2313 communi
1831 2255 2021 2331 lapsus
2046 2264 2150 2312 est.

177 2330 237 2388 Is
274 2351 392 2405 rex,
434 2353 613 2411 quem
659 2345 893 2393 senatus
933 2336 1045 2394 hoc
1084 2335 1318 2393 nomine
1363 2354 1514 2411 saepe
1560 2333 2149 2392 honorificentissimis
2177 2330 2249 2386 2⁵

179 2410 424 2471 decretis
452 2414 871 2490 appellavisset,
901 2414 1115 2489 quique
1142 2414 1303 2472 illum
1345 2413 1607 2472 ordinem
1651 2413 1724 2470 ab
1761 2411 2152 2489 ‘adolescentia

177 2490 578 2564 gravissimum
606 2492 1145 2569 sanctissimumque
1173 2492 1446 2564 duxisset,
1476 2492 1681 2550 iisdem
1721 2492 1891 2550 rebus
1916 2503 2004 2549 est
2030 2510 2153 2568 per-

180 2569 456 2642 turbatus,
492 2571 659 2629 h'omo
686 2571 1030 2649 longinquus
1072 2582 1131 2629 et
1179 2571 1524 2649 alienigena,
1551 2571 1759 2648 quibus
1784 2590 1907 2644 noa,
1935 2570 1995 2629 in
2035 2589 2153 2629 me-

180 2645 274 2702 dia
301 2649 599 2724 republica
627 2649 767 2721 nati,
794 2669 1134 2727 semperque
1159 2651 1386 2709 versati.
2201 2668 2210 2673 '

257 2724 361 2785 IV.
428 2726 588 2786 Cum
617 2729 860 2804 audiret,
890 2729 1125 2787 senatus
1170 2726 1583 2788 consentientis
1626 2728 1963 2787 auctoritate
1991 2747 2150 2787 arma
2173 2729 2264 2795 30>

181 2815 431 2880 sumpta;
478 2806 829 2878 consulibus,
855 2808 1210 2884 praetoribus,
1238 2805 1484 2866 tribunis
1521 2809 1726 2885 plebis,
1767 2808 1934 2866 nobis
1977 2808 2151 2884 impe-

180 2884 483 2956 ratoribus,
508 2885 924 2962 rempublicam
951 2886 1373 2945 defendendam
1402 2889 1627 2957 datam3
1669 2887 2001 2946 movebatur
2032 2886 2151 2944 ani-

181 2977 289 3031 m0‚
317 2974 377 3021 et
421 2964 530 3036 vir,
559 2964 696 3022 huic
744 2964 984 3041 imperio
1029 2965 1431 3038 amicissimus,
1461 2966 1534 3024 de
1579 2967 1764 3024 salute
1808 2965 1999 3040 populi
2029 2964 2151 3022 Ro-

181 3040 332 3098 mani
358 3042 792 3115 extimescebat,
821 3044 882 3101 in
909 3043 1024 3118 qua
1051 3043 1224 3101 etiam
1253 3064 1416 3102 suam
1438 3045 1720 3103 inclusam
1748 3043 1992 3101 videbat.
2076 3043 2147 3101 In

182 3134 401 3181 summe
436 3131 637 3199 tamen
679 3120 904 3193 timore,
951 3122 1366 3197 quiescendum
1420 3123 1531 3181 sibi
1574 3141 1701 3180 esse
1745 3120 2143 3180 arbitrabatur.
2172 3121 2245 3175 35

391 3269 394 3272 Ι
446 3223 478 3274 3*
505 3229 552 3253 ,κ
587 3227 599 3251 ι
656 3200 1021 3276 perturbatus
1065 3211 1172 3272 est,
1200 3211 1265 3259 ut
1308 3201 1543 3272 audivit,
1573 3201 1837 3259 consules
1878 3218 1949 3257 ex
1975 3198 2149 3256 Italia

196 3297 205 3322 ·
247 3270 302 3346 ’ς
335 3269 881 3361 ,omnesque
949 3280 1279 3338 consulares
1335 3279 1450 3357 (sic
1502 3279 1656 3338 enim
1710 3278 2147 3354 nunciabatur),

198 3383 212 3398 v
249 3363 252 3370 '
377 3417 400 3432 ,-
435 3354 542 3421 ζ’ἷῑΐζ,
587 3367 791 3429 ¹mmm,
841 3367 1017 3415 totam
1072 3358 1300 3416 Italiam
1357 3377 1483 3416 esse
1535 3358 1791 3416 effusam.
1901 3355 2149 3414 Talibus

198 3449 218 3462 ·“
255 3435 278 3448 ''
317 3437 328 3444 “
419 3495 432 3504 ν
471 3441 474 3444 ’
518 3439 667 3508 [ζεῖ
690 3436 1012 3511 rumoribus
1036 3438 1270 3513 patebat
1311 3437 1384 3494 ad
1410 3436 1712 3495 Orientem
1740 3435 1864 3505 via;
1905 3452 2018 3492 nec
2045 3433 2148 3503 ulli

226 3578 235 3587 ,
361 3511 400 3586 ”,
907 3515 1070 3575 Nihil
1117 3516 1213 3573 ille
1259 3517 1332 3573 de
1377 3515 1800 3573 conditionibus
1826 3514 1960 3583 tuis,
2003 3512 2145 3569 nihil
2173 3511 2243 3564 40

345 3631 370 3658 ;‚-
395 3661 404 3670 Ι
475 3637 478 3666 :
842 3603 901 3650 et
926 3592 1106 3669 paci&
1136 3594 1279 3651 nihil
1328 3594 1403 3651 de
1430 3592 1847 3668 conspiratione
1877 3590 2149 3648 audiebat

202 3665 803 3751 =÷-”‡'‘.1,'·‡,.==.·
848 3683 982 3729 cont
1093 3672 1429 3748 dignitatem
1466 3682 1639 3728 tuam.
1719 3670 1875 3731 Qum
1903 3667 2038 3727 cum
2068 3669 2149 3727 ita

273 3797 276 3800 ,
333 3759 348 3796 ‘.
365 3747 593 3819 &fa-w,
639 3770 820 3825 usque
863 3748 934 3808 eo
979 3770 1006 3806 s
1086 3751 1292 3822 tenuit,
1321 3751 1509 3825 quoad
1551 3767 1585 3806 a
1624 3749 1733 3806 Cn.
1762 3747 2033 3826 Pompeio
2074 3749 2147 3807 ad

256 3838 261 3839 ⁷
324 3842 337 3855 “
359 3821 409 3905 j
538 3828 834 3905 literaeque
862 3839 1158 3887 venerunt.

2631 823 2636 831 ε

320 3197 335 3210 ο
364 3196 393 3209 ¹.

259 3222 266 3230 A
299 3217 404 3234 4.,5.“
