2667 4242
374 288 493 347 158
947 289 1222 339 ORATIO
1265 288 1341 339 m
1388 288 1464 338 Μ.
1508 288 1917 340 ΑΝἸῸΝῙΠΜ.

462 440 527 489 et
550 440 766 507 quanta
807 430 1072 490 barbaria
1097 433 1223 490 estl
1306 432 1564 508 Agmine
1604 432 1885 507 quadrato
1926 451 2058 489 cum
2102 412 2319 509 gladiis
2366 451 2459 490 se-

462 522 719 585 quuntur
746 510 993 569 milites:
1048 524 1344 569 scutorum
1385 511 1624 568 lecticas
1651 511 1860 585 portari
1887 512 2167 569 videmus.
2254 512 2457 586 Atque

468 588 559 645 his
594 589 824 664 quidem
861 589 981 665 jam
1023 590 1375 660 inveteratis,
1405 590 1605 646 Patres
1645 589 1995 665 Conscripti,
2024 591 2455 647 consuetudine

286 708 293 716 .
397 726 413 743 .
467 667 863 725 obduruimus.
943 668 1220 726 Calendis
1261 668 1457 726 Juniis
1482 665 1618 725 cum
1647 668 1706 725 in
1744 679 2008 726 senatum
2039 667 2132 745 (ut
2157 677 2285 726 erat
2313 687 2457 726 con-

403 746 441 799 5
468 746 757 825 stitutum)
790 747 985 804 venire
1008 747 1301 819 vellemus,
1328 758 1487 804 metu
1507 747 1791 822 perterriti
1819 746 2056 822 repente
2086 746 2450 824 diffugimus.

548 825 631 883 At
672 825 800 896 iste,
843 826 943 900 qui
984 836 1191 884 senatu
1236 845 1355 884 non
1394 835 1612 902 egeret,
1641 844 1828 903 neque
1875 827 2224 883 desideravit
2269 844 2454 900 quen·

466 921 660 977 quam,
687 913 748 961 et
784 903 978 980 potius
1017 904 1277 962 discessu
1320 916 1516 962 nostro
1558 903 1782 962 laetatus
1821 914 1948 974 est;
2009 904 2324 979 statimque
2353 903 2455 960 illa

466 981 754 1045 mirabilia
796 982 1057 1041 facinora
1096 984 1308 1043 effecit.
1388 983 1515 1045 Qui
1557 982 1940 1060 chirographa
1965 981 2219 1040 Caesaris
2247 981 2453 1038 defen·

468 1059 642 1117 disset
668 1060 816 1118 lucri
844 1061 934 1119 sui
974 1061 1174 1132 causa,
1204 1063 1253 1120 is
1292 1062 1452 1138 leges
1478 1061 1746 1133 caesuis,
1786 1080 1997 1137 easque
2024 1060 2357 1137 praeclaras,
2387 1071 2451 1118 ut

371 1133 440 1188 10
470 1139 883 1215 rempublicam
913 1135 1224 1198 concutere
1264 1152 1475 1216 posset,
1502 1142 1722 1198 evertit.
1780 1139 2131 1198 ‘Numerum
2159 1157 2448 1196 annorum

466 1219 778 1293 provinciis
815 1220 1167 1295 prorogavit:
1229 1220 1517 1294 idemque,
1560 1219 1695 1279 cum
1746 1229 2005 1277 actorum
2049 1217 2305 1276 Caesaris
2352 1218 2450 1274 de-

390 1314 399 1321 ·
469 1297 659 1354 fensor
686 1315 813 1355 esse
855 1298 1109 1369 deberet,
1138 1310 1213 1357 ‚et
1254 1298 1312 1356 in
1342 1297 1590 1374 publicis
1630 1311 1692 1357 et
1717 1297 1778 1355 in
1820 1297 2054 1373 privatis
2095 1295 2270 1354 rebus
2316 1305 2449 1353 acta

468 1375 724 1434 caesaris·
765 1375 1017 1434 rescidit.
1124 1376 1197 1435 In
1250 1376 1501 1452 publicis
1547 1377 1689 1435 nihil
1743 1386 1831 1433 est
1877 1376 2005 1451 lege
2052 1374 2324 1451 gravius;
2387 1377 2447 1431 in

468 1453 701 1531 privatis
755 1454 1143 1513 firmissimum
1195 1466 1284 1513 est
1335 1453 1759 1513 testamentum.
1873 1453 2063 1530 Leges
2118 1453 2265 1510 alias
2317 1453 2447 1511 sine

372 1535 442 1590 15
470 1532 922 1609 promulgatione
949 1532 1215 1592 sustulit:
1275 1533 1417 1592 alias
1445 1543 1509 1590 ut
1546 1535 1789 1600 tolleret,
1816 1532 2216 1608 promulgavit.
2299 1531 2450 1589 Tes-

468 1622 787 1669 tamentum
838 1612 1059 1670 irritum
1088 1612 1258 1682 fecit;
1315 1612 1468 1687 quod
1511 1613 1684 1670 etiam
1713 1611 1928 1669 infimis
1966 1610 2193 1668 civibus
2220 1628 2448 1685 semper

466 1690 766 1748 obtentum
794 1700 899 1748 est.
999 1691 1202 1768 Signa,
1246 1691 1489 1762 tabulas,
1519 1711 1661 1767 quas
1687 1689 1894 1767 populo
1921 1690 2133 1757 ‚Caesar
2160 1689 2282 1746 una
2311 1708 2447 1745 enm

470 1769 647 1826 hortis
690 1769 927 1846 legavit,
960 1788 1073 1827 eas·
1103 1770 1200 1827 hic
1244 1764 1450 1845 partim
1494 1769 1556 1827 in
1584 1772 1778 1828 hortos
1820 1767 2078 1843 Pompeii
2104 1766 2429 1843 deportavit

469 1847 674 1924 partim
704 1848 763 1905 in
791 1848 984 1906 villam
1013 1848 1321 1925 Scipionis.

369 1932 442 1985 *ὣ
547 1925 778 1984 XLIII.
860 1926 937 1985 Et
957 1938 1019 1985 tu
1041 1927 1102 1985 in
1124 1928 1375 1993 Caesaris
1397 1927 1670 1985 memoria
1693 1926 1975 2004 diligens?
2016 1935 2079 1983 tu
2101 1924 2267 1982 illum
2289 1943 2449 1981 amas

470 2008 803 2063 mortuum?
903 2005 1102 2069 Quem
1156 2006 1206 2063 is
1253 2006 1526 2082 majorem
1574 2008 1846 2065 honorem
1903 2013 2259 2063 consecutus
2305 2015 2446 2073 erat,

422 2152 425 2157 Ι
459 2081 641 2158 ‘quam
671 2093 731 2141 ut
761 2085 998 2143 haberet
1034 2085 1315 2161 pulvinar,
1346 2086 1737 2156 simulacrum,
1767 2084 2080 2159 fastigium,
2110 2081 2446 2140 flaminem?

472 2161 578 2219 Est
604 2182 744 2239 ergo
770 2163 1001 2235 flamen,
1026 2177 1088 2222 ut
1115 2164 1265 2235 Jovi,
1287 2164 1577 2235 ut'Marti,
1605 2179 1669 2224 ut
1692 2164 1966 2234 Quirino,
1992 2162 2081 2220 sic
2109 2160 2265 2219 Divo
2292 2160 2331 2219 J
2335 2161 2448 2218 ulio

470 2238 556 2297 M.
602 2242 935 2300 Antonius!
1016 2243 1181 2305 Quid
1227 2242 1401 2319 igitur
1445 2245 1681 2301 cessas'l
1741 2262 1847 2300 cur
1885 2261 2001 2300 non
2049 2240 2447 2317 inaugurare?

368 2322 443 2376 25
466 2338 634 2376 sume
657 2319 845 2378 diem:
888 2321 1038 2392 vide,
1082 2322 1264 2396 quite
1308 2322 1630 2398 inauguret.
1709 2321 1965 2397 Collegae
1993 2338 2234 2388 sumus;
2277 2337 2448 2376 nemo

472 2398 725 2474 negabit.
807 2399 865 2457 O
892 2401 1286 2458 detestabilem
1332 2400 1643 2471 bominem,
1670 2400 1789 2457 sive
1815 2397 1971 2475 quod
1998 2397 2233 2474 tyranni
2261 2415 2449 2454 sacer-

472 2476 575 2533 dos
601 2496 684 2548 eS,
713 2477 833 2535 sive
858 2477 1011 2554 quod
1041 2478 1280 2537 mortuil
1363 2477 1583 2539 Quaero
1620 2478 1917 2553 deinceps,
1944 2496 2105 2547 num,
2136 2476 2448 2533 hodiernus

473 2554 597 2612 dies
622 2557 721 2630 qui
748 2556 841 2628 sit,
872 2557 1146 2633 ignores?
1207 2558 1403 2615 nescis
1441 2556 1564 2624 heri
1592 2569 1856 2633 quartum
1886 2556 1945 2613 in
1974 2554 2153 2613 Circo
2179 2554 2337 2611 diem
2365 2555 2447 2611 lu·

474 2632 676 2691 dorum
721 2635 1119 2694 Romanorum
1167 2637 1381 2694 fuisse'l
1450 2647 1508 2695 te
1557 2637 1740 2711 ipsum
1795 2630 1986 2693 autem
2044 2634 2117 2691 ad
2171 2633 2447 2708 populum

268 2732 275 2737 ·
372 2713 443 2766 30
473 2711 690 2783 tulisse,
720 2724 784 2770 ut
825 2715 1059 2790 quintus
1094 2726 1372 2791 praeterea
1417 2715 1543 2773 dies
1569 2714 1784 2773 Caesari
1833 2712 2227 2772 tribueretur?
2327 2711 2448 2768 Cur

144 4056 333 4111 ‚22³⁷

475 2808 589 2847 non
618 2810 817 2848 sumus
843 2793 1202 2869 praetextati?
1245 2813 1350 2852 cur
1378 2795 1670 2863 honorem,
1699 2792 1918 2850 Caesari
1945 2791 2047 2849 tua
2074 2791 2204 2866 lege
2227 2789 2446 2859 datum,

473 2869 661 2925 deseri
708 2871 991 2945 patimur?
1088 2872 1187 2929 An
1230 2872 1698 2947 supplicationes,
1741 2870 2007 2928 addendo
2044 2869 2226 2940 diem,
2255 2878 2449 2926 conta-

474 2945 680 3004 minari
707 2966 909 3023 passus
935 2970 999 3007 es
1016 2970 1032 3020 ;
1075 2950 1395 3026 pulvinaria
1432 2950 1708 3007 noluisti!
1791 2950 1916 3007 Aut
1941 2948 2197 3023 undique
2223 2946 2449 3022 religio-

474 3043 608 3082 nem
638 3026 789 3098 tolle,
819 3037 917 3086 aut
943 3048 1347 3105 usquequaque
1374 3047 1681 3085 conserva..

372 3113 445 3169 35
551 3103 819 3177 Quaeres,
847 3107 1151 3182 placeatne
1173 3108 1312 3164 mihi
1332 3106 1593 3183 pulvinar
1614 3125 1760 3177 esse,
1791 3105 2102 3182 fastigium,
2132 3103 2444 3161 flaminem.

476 3180 626 3239 Mihi
669 3182 802 3241 vero
847 3181 995 3243 nihil
1034 3187 1267 3244 istorum
1310 3187 1518 3262 placet.
1602 3185 1721 3242 Sed
1765 3196 1847 3254 tu,
1884 3183 1981 3259 qui
2024 3193 2157 3240 acta
2200 3181 2447 3240 Caesaris

475 3261 758 3333 defendis,
779 3262 915 3337 quid
944 3275 1104 3338 potes
1132 3265 1346 3334 dicere,
1369 3283 1474 3321 cur
1503 3265 1615 3322 alia
1635 3264 1931 3329 defendas,
1957 3261 2069 3319 alia
2089 3280 2208 3319 non
2231 3262 2443 3318 cures!

476 3339 588 3396 nisi
618 3338 760 3398 forte
792 3341 875 3398 vis
904 3341 1087 3412 fateri,
1117 3354 1171 3400 te
1208 3342 1402 3400 omnia
1428 3353 1646 3417 quaestu
1673 3353 1791 3413 tuo,
1821 3360 1937 3398 non
1967 3339 2118 3397 illius
2144 3338 2445 3415 dignitate,

475 3419 683 3477 metiri.
762 3418 926 3481 Quid
959 3421 1031 3477 ad
1074 3421 1199 3478 haec
1242 3420 1519 3493 taudem?
1579 3430 1849 3496 exspecto
1875 3418 2030 3476 enim
2058 3417 2447 3492 eloquentiam

373 3493 447 3557 ‚49
477 3506 651 3554 tuam.
734 3497 1187 3555 Disertissimum
1216 3499 1460 3575 cognovi
1484 3518 1649 3557 avum
1680 3510 1876 3555 tuum:
1920 3507 1977 3554 at
2000 3505 2055 3553 te
2081 3496 2260 3553 etiam
2289 3514 2448 3569 aper·

476 3574 680 3632 tiorem
709 3577 767 3633 in
811 3577 1076 3635 dicendo.
1173 3577 1279 3634 Ille
1324 3596 1616 3652 nunquam
1662 3577 1853 3634 nudus
1898 3587 1986 3632 est
2028 3573 2446 3631 concionatus:

477 3663 639 3710 tuum
670 3655 917 3715 hominis
957 3655 1231 3732 simplicis
1271 3668 1474 3731 pectus
1502 3656 1766 3725 vidimus.
1850 3652 2334 3730 Respondebisne
2379 3653 2449 3709 ad

478 3728 644 3786 haec'l
689 3742 786 3788 aut
812 3734 1045 3791 omnino
1067 3734 1290 3791 hiscere
1322 3734 1599 3790 audebis'l
1682 3733 1910 3807 Ecquid
1937 3732 2210 3808 reperieS,
2229 3749 2307 3789 ex
2331 3740 2449 3788 tam

478 3802 651 3879 longa
678 3808 932 3867 oratione
960 3810 1111 3880 mea,
1141 3810 1236 3868 cui
1264 3822 1320 3868 te
1362 3811 1708 3887 respondere
1755 3829 1921 3886 posse
1950 3809 2250 3869 confidas?
2329 3808 2452 3867 Sed

378 3885 450 3940 45
478 3883 769 3954 praeterita
792 3886 1134 3943 omittamus.
1211 3961 1226 3975 ο

544 3990 585 4007 ss

338 4045 393 4058 ῥα·-
