2667 4242
336 209 415 275 κ
866 207 1139 260 ουτω
1182 206 1252 257 11.
1296 205 1370 257 11«
1416 204 1478 255 1.
1511 202 1938 256 mmmm.

459 350 473 363 ⁸
514 368 588 409 ue
607 348 924 428 jactantur.
952 349 1003 407 si
1044 366 1251 425 aquam
1276 347 1548 425 ,gelidam
1595 346 1865 420 biberint,
1908 342 2096 424 primo
2140 344 2436 403 relevari

428 368 713 499 zizentur,
736 427 946 486 deinde
970 426 1148 486 multo
1174 425 1407 505 gravius
1448 423 1955 501 vehementiusque
1996 425 2434 492 afflictantur'3

410 508 517 567 ,sic
544 509 641 565 hic
668 507 917 573 morbus,
935 507 1032 582 qui
1054 507 1217 564 estin
1247 505 1567 581 republica,
1585 505 1871 562 relevatus
1893 504 2057 562 istius
2073 503 2294 581 poeni,
2321 520 2436 558 ve-

432 583 782 656 hementius,
812 586 954 643 vivis
978 585 1233 659 reliquis,
1264 583 1645 660 ingravescet.

366 665 406 721 5
509 664 735 735 Quare,
764 663 965 721 Patres
992 662 1342 739 conscripti,
1370 662 1646 720 secedant
1675 660 1951 738 improbi;
1991 667 2333 718 secernunt
2353 676 2433 717 se

434 760 470 800 a
496 742 695 811 bonis3
738 759 919 799 unum
961 741 1021 798 in
1046 740 1241 799 locum
1267 750 1735 816 congregentur3
1775 758 1942 798 muro
1987 739 2244 814 denique
2288 737 2426 813 (id,

431 821 585 896 quod
611 836 762 896 saepe
784 819 906 896 jam
934 819 1082 896 dixi)
1112 829 1489 877 secernantur
1517 836 1552 876 a
1579 818 1747 875 nobis
1770 837 1784 875 :
1826 817 2094 875 desinant
2122 815 2430 874 insidiari

433 898 589 957 domi
614 916 733 955 sue
762 898 1005 968 consuli,
1032 897 1408 955 circumstare
1427 896 1678 955 tribunal
1707 896 1962 972 praetoris
1986 896 2213 966 urbani,
2235 895 2429 953 obsi-

433 976 571 1034 dere
598 992 732 1033 cum
752 976 961 1054 gladiis
980 975 1222 1046 curiam,
1242 975 1534 1033 malleolos
1554 985 1611 1032 et
1633 974 1790 1032 faces
1810 975 1884 1032 ad
1912 972 2426 1032 inflammandam

336 1052 407 1113 10
434 1055 637 1112 urbem
663 1070 1026 1131 comparare:
1068 1054 1143 1111 sit
1168 1054 1417 1128 denique
1446 1050 1781 1129 inscriptum
1810 1053 1868 1110 in
1898 1053 2081 1110 fronte
2109 1053 2424 1110 uniuscu-

434 1130 1833 1289 ffi‘ifflffinufflbffitssnffifflffi
1850 1133 1964 1266 333
1984 1130 2422 1267 ’3333ᾜῖ
2453 1180 2461 1187 ·

432 1298 553 1347 tam
580 1289 640 1349 in
669 1290 828 1348 vobis
855 1290 1273 1359 auctoritatem,
1300 1299 1521 1346 tantam
1550 1288 1609 1345 in
1636 1288 1924 1363 equitibus
2124 1287 2247 1345 anis
2282 1289 2415 1345 vir-

433 1377 636 1439 tutem,
663 1378 882 1426 tantam
910 1368 971 1424 in
1008 1367 1275 1426 omnibus
1314 1367 1479 1425 bonis
1518 1367 1972 1436 consensionem,
2002 1380 2083 1437 ut,
2111 1366 2414 1424 Catilina
2515 1364 2518 1369 ’

338 1441 407 1501 15
432 1446 804 1523 profectione,
830 1445 1026 1503 omnia
1061 1445 1370 1522 patefacta,
1414 1445 1714 1516 illustrata,
1753 1464 2040 1521 oppressa,
2068 1445 2409 1518 vindicata,

434 1542 562 1583 esse
590 1523 847 1582 videatis.

514 1602 698 1660 Hisce
724 1601 1032 1674 ominibus„
1060 1601 1334 1672 Catilina,
1362 1596 1498 1660 cuni
1524 1599 1749 1660 summa
1770 1601 2099 1677 reipublicae
2121 1601 2312 1660 salute
2337 1610 2408 1660 et

435 1698 570 1739 cum
597 1679 698 1738 tua
722 1690 883 1757 peste
911 1699 979 1739 ac
998 1679 1275 1757 pernicie,
1296 1698 1543 1756 cumque
1564 1698 1761 1738 eorum
1783 1680 1958 1738 exitio
1975 1680 2074 1755 qui
2102 1699 2165 1737 se
2186 1690 2404 1738 tecum

432 1759 590 1817 omni
617 1759 837 1817 scelere
861 1758 1281 1833 parricidioque
1300 1757 1632 1834 junxerunt,
1655 1758 2019 1834 proficiscere
2042 1758 2114 1815 ad
2143 1758 2402 1835 impium

334 1840 409 1901 m
436 1836 650 1897 bellum
678 1855 749 1895 ac
787 1836 1088 1895 nefarium.
1170 1836 1329 1894 Tuin
1358 1846 1444 1907 tu,
1490 1836 1734 1912 Jupiter,
1778 1836 1877 1912 qui
1924 1837 2149 1907 iisdem,
2176 1838 2406 1912 quibus

436 1915 563 1972 haec
589 1916 746 1986 urbs,
775 1915 1046 1991 auspiciis
1074 1933 1109 1972 a
1128 1914 1384 1973 Romulo
1402 1934 1466 1972 es
1483 1915 1829 1973 constitutus
1852 1934 1867 1984 ;
1910 1934 2079 1991 quem
2098 1912 2397 1977 Statorem}

435 1992 606 2069 hujus
645 1993 803 2052 urbis
844 2005 1012 2068 atque
1059 1993 1283 2070 imperii
1329 1991 1464 2051 vere
1508 1993 1910 2062 nominamus;
1969 1994 2124 2052 hunc
2156 2003 2228 2052 et
2282 1996 2397 2052 hu-

441 2070 538 2148 jus
577 2073 762 2131 socios
790 2090 826 2130 a
863 2072 979 2131 tuis
1006 2072 1120 2130 aris
1146 2071 1483 2146 caeterisque
1522 2071 1768 2147 templiS,
1818 2090 1852 2129 a
1897 2072 2067 2129 tectis
2112 2072 2272 2130 urbis
2314 2092 2395 2131 ac

432 2151 739 2223 moenibus,
768 2170 803 2210 a
829 2151 946 2209 vita
977 2151 1328 2226 fortunisque
1350 2151 1569 2208 civium·
1583 2151 1860 2220 omnium,
1885 2150 2142 2208 arcebis:
2184 2161 2243 2208 et
2268 2171 2396 2208 om-

331 2230 407 2287 25
431 2248 537 2287 nes
564 2229 828 2287 inimicos
868 2231 1163 2300 bonorum,
1204 2230 1395 2286 hostes
1432 2228 1651 2305 patriae,
1680 2228 1928 2286 latrones
1975 2228 2179 2300 Italiae,
2207 2230 2399 2288 scele-

431 2325 560 2364 rum
588 2307 803 2365 foedere
832 2307 979 2365 inter
1006 2326 1069 2364 se
1097 2325 1168 2363 ac
1194 2306 1417 2364 nefaria
1456 2307 1732 2367 societate
1772 2307 2127 2385 conjunctos,
2156 2309 2395 2366 aeternis

432 2382 728 2460 suppliciis
757 2385 911 2442 vivos
937 2395 1299 2460 mortuosque
1324 2386 1621 2444 mactabis.
2120 2418 2125 2422 ·

1090 2722 1549 2851 oRATIo
1618 2769 1734 2851 Π.

892 3111 1004 3187 L.
1078 3113 1914 3191 CATILINAM.

514 3407 563 3466 1.
632 3407 912 3466 'rmum
959 3407 1283 3483 aliquando,
1308 3410 1596 3483 Quirites,
1637 3412 1702 3469 L.
1734 3411 2069 3482 Catilinam,
2102 3413 2380 3470 furentem

437 3486 701 3557 audacia,
730 3487 920 3544 scelus
965 3487 1349 3558 anhelantem,
1379 3501 1593 3563 pestem
1640 3491 1835 3566 patriae
1884 3490 2103 3549 nefarie
2153 3492 2385 3549 molien-

336 3567 408 3622 ³0
437 3572 573 3634 tem,
601 3565 760 3622 vobis
789 3575 957 3640 atque
984 3566 1122 3624 huic
1150 3567 1278 3624 urbi
1323 3567 1537 3624 ferrum
1565 3567 1965 3644 flammamque
2002 3571 2382 3639 minitantem,

437 3657 509 3699 ex
534 3642 676 3698 urbe
702 3643 791 3699 vel
820 3642 1116 3718 ejecimus,
1146 3645 1233 3702 vel
1263 3644 1578 3715 emisimus,
1608 3645 1716 3715 vel,
1747 3646 1928 3720 ipsum
1971 3649 2384 3724 egredientem,
2439 3638 2448 3647 ⁸

438 3717 626 3774 verbis
639 3722 924 3792 prosecuti
941 3740 1155 3779 sumus,
1240 3721 1428 3793 Abiit,
1449 3722 1713 3793 excessit,
1735 3725 1935 3796 evasit,
1957 3727 2159 3800 erupit.
2241 3725 2301 3782 N
2304 3725 2384 3782 ul·
