2667 4242
800 316 1073 368 ORATIO
1094 348 1097 349 ν
1118 318 1257 368 PRO
1301 319 1354 378 Q
1414 318 1736 370 LIGARIO.
2292 325 2373 384 75

293 468 406 520 non
436 462 714 534 concedo,
743 471 827 535 ut,
856 463 1063 538 quibus
1091 464 1263 522 rebus
1289 463 1705 542 gloriemini'in
1734 466 1912 539 vobiS‚
1941 468 2175 525 easdem
2213 466 2276 526 in

294 541 421 596 aliis
449 543 899 617 reprehendatis.

372 619 705 678 Tuberonis
744 641 864 679 sors
905 621 1167 697 conjecta
1194 631 1280 679 est
1308 641 1380 680 ex
1407 616 1942 696 senatus-consulto,
1973 622 2110 682 cum
2151 625 2272 701 ipse

292 716 408 754 non
452 699 696 771 adesset,
739 701 936 758 morbo
975 701 1149 757 etiam
1192 701 1600 777 impediretur:
1656 711 1934 760 statuerat
1973 722 2268 762 excusare.

292 776 443 834 Haec
484 796 594 855 ego
634 779 763 836 novi
804 783 1028 855 propter
1067 798 1266 837 omnes
1304 780 1763 838 necessitudines
1803 800 1930 856 quae
1966 781 2108 839 mihi
2136 792 2271 840 sunt
2330 777 2370 832 5

290 874 426 911 cum
476 855 543 913 L.
594 857 923 916 Tuberone.
1008 857 1181 916 Domi
1234 859 1354 916 una
1407 859 1637 930 eruditi,
1692 859 1912 917 militiae
1966 861 2272 927 contuber-

287 935 472 1005 nales,
500 935 628 1013 post
658 936 874 1008 affines,
904 936 964 994 in
990 938 1148 994 omni
1177 937 1428 1013 denique
1463 937 1579 994 vita
1608 938 1951 996 familiares:
1993 957 2269 1016 magnum
2419 914 2540 993 ‘H'

288 1013 467 1070 etiam
521 1015 835 1087 vinculum,
876 1013 1032 1091 quod
1092 1016 1298 1073 iisdem
1358 1016 1563 1074 studiis
1623 1036 1846 1094 semper
1900 1017 1991 1075 usi
2050 1037 2266 1076 sumus.

289 1093 431 1149 Scio
476 1093 648 1170 igitur
691 1093 1062 1152 Tuberonem
1099 1095 1252 1152 domi
1288 1112 1524 1154 manere
1562 1095 1841 1154 voluisse:
1885 1097 1986 1154 sed
2027 1096 2108 1153 ita
2147 1098 2270 1172 qui-

287 1171 423 1227 dam
464 1173 689 1250 agebat,
720 1172 800 1230 ita
840 1172 1171 1249 reipublicae
1211 1173 1639 1231 sanctissimum
1679 1193 1889 1232 nomen
1929 1175 2266 1251 opponebat,
2300 1174 2369 1227 10
2415 1184 2462 1197 “”

284 1260 371 1321 ut,
402 1251 578 1307 etiam
618 1251 665 1307 si
710 1252 872 1311 aliter
913 1252 1169 1323 sentiret,
1198 1253 1499 1310 verborum
1540 1262 1733 1310 tamen
1772 1253 2020 1330 ipsorum
2047 1254 2270 1329 pondus

285 1329 574 1387 sustinere
614 1350 729 1388 non
770 1340 973 1407 posset.
1057 1330 1251 1388 Cessit
1293 1330 1621 1389 auctoritati
1663 1332 2150 1411 amplissimipviri,
2178 1333 2268 1390 vel

283 1406 478 1484 potius
504 1409 708 1484 paruit.
791 1410 1050 1468 Una‘est
1087 1410 1377 1485 profectus
1416 1428 1551 1468 cum
1593 1409 1682 1480 iis,
1706 1422 1952 1485 'quorum
1993 1419 2117 1468 erat
2153 1429 2271 1469 una

286 1505 501 1544 causa:
544 1486 765 1545 tardius
793 1488 900 1547 iter
929 1485 1098 1546 fecit:
1143 1489 1336 1563 itaque
1378 1489 1438 1546 in
1467 1488 1730 1547 Africam
1770 1490 1927 1546 venit
1948 1488 2070 1566 jam
2095 1508 2270 1549 occu·

283 1576 499 1641 patam.
584 1566 745 1626 Hinc
791 1567 850 1625 in
905 1566 1205 1645 Ligarium
1257 1567 1478 1626 crimen
1531 1568 1730 1639 oritur,
1777 1568 1866 1626 vel
1923 1569 2009 1626 ira
2058 1567 2263 1645 p‘otius.
2298 1573 2367 1627 15

280 1644 346 1701 N
352 1663 467 1716 am,
497 1645 545 1702 si
589 1646 808 1704 crimen
856 1656 944 1704 est
986 1647 1168 1703 ullum
1198 1645 1464 1718 voluisse,
1493 1666 1608 1705 non
1635 1645 1829 1704 minus
1855 1665 2131 1724 magnum
2158 1657 2264 1718 est,
2353 1713 2358 1719 ,

283 1742 388 1780 vos
417 1724 703 1796 Africam,
731 1725 990 1783 omnium
1016 1725 1437 1801 provinciarum
1482 1724 1695 1796 arcem,
1724 1736 1918 1783 natam
1950 1726 2022 1782 ad
2052 1725 2266 1785 bellum

285 1813 492 1861 contra
533 1804 685 1862 hanc
723 1805 925 1862 urbem
965 1805 1302 1882 gerendum,
1343 1792 1625 1863 obtinere⁶
1647 1804 1909 1875 voluisse,
1951 1803 2125 1879 quam
2168 1804 2269 1862 ali-

284 1900 462 1956 quem
509 1901 571 1940 se
623 1883 911 1941 maluisse.
995 1885 1188 1959 Atque
1236 1883 1285 1940 is
1330 1892 1524 1942 tamen
1574 1882 1779 1958 aliquis
1833 1882 2103 1959 Ligarius
2150 1902 2265 1940 non

287 1960 415 2017 fuit.
499 1960 690 2018 Varus
717 1962 1016 2038 imperium
1046 1982 1108 2019 se
1137 1962 1350 2020 habere
1379 1962 1645 2020 dicebat:
1689 1962 1877 2019 fasces
1904 1960 2063 2018 certe
2093 1962 2267 2020 habe-
2294 1962 2366 2015 20

284 2038 423 2096 bat>
490 2040 627 2111 Sed,
656 2059 882 2116 quoquo
907 2041 1076 2099 modo
1101 2061 1228 2099 sese
1255 2041 1398 2098 illud
1426 2041 1619 2112 habet,
1642 2041 1767 2097 haec
1796 2039 2032 2113 querela
2058 2052 2265 2111 vestra,

284 2119 548 2191 Tubero,
596 2120 734 2194 quid
786 2121 980 2178 valet'l
1048 2120 1300 2195 Recepti
1355 2119 1415 2176 in
1468 2118 1820 2195 provinciam
1876 2137 1993 2175 non
2048 2136 2264 2175 sumus.

208 2218 231 2227 ’
280 2197 475 2270 Quid,
504 2198 565 2257 si
592 2199 838 2257 essetis'l
905 2198 1200 2257 Caesarine
1241 2217 1373 2257 eam
1411 2197 1677 2255 tradituri
1719 2196 1989 2268 fuissetiS,
2020 2215 2094 2253 an
2133 2215 2268 2255 con-

284 2287 378 2335 tra
405 2276 695 2335 Caesarem
723 2277 1043 2337 retenturi?
1264 2270 1276 2283 ⁸
1319 2325 1330 2335 .
1361 2274 1370 2280 “
2266 2300 2282 2311 ··

366 2355 542 2414 VIII.
610 2356 783 2429 Vide,
832 2357 970 2432 quid
1015 2355 1288 2428 licentire,
1330 2355 1550 2427 Caesar,
1596 2354 1762 2413 nobis
1806 2363 1908 2411 tua
1953 2352 2267 2413 liberalitas
2294 2354 2366 2410 25

283 2436 407 2506 det,
448 2436 536 2493 vel
578 2435 768 2512 potius
815 2435 1089 2493 audaciae.
1174 2434 1240 2493 Si
1282 2435 1638 2511 responderit
1680 2433 1938 2505 Tubero,
1980 2432 2263 2505 Africam,

283 2512 404 2589 quo
447 2524 679 2572 senatus
718 2522 851 2572 e'um
892 2533 1125 2589 sorsque
1166 2513 1419 2586 miserat,
1448 2513 1552 2572 tibi
1588 2523 1806 2591 patrem
1835 2530 2003 2570 suum
2031 2513 2274 2571 traditu-³

281 2611 417 2651 rum
466 2593 671 2664 fuisse3
732 2613 847 2652 non
902 2594 1201 2667 dubitabo,
1256 2593 1408 2669 apud
1463 2592 1647 2668 ipsum
1701 2602 1779 2663 te,
1822 2592 1990 2668 cujus
2030 2591 2089 2649 id
2129 2610 2266 2649 eum

280 2672 483 2730 facere
523 2672 797 2744 interfuit,
839 2672 1190 2750 gravissimis
1228 2672 1417 2730 verbis
1456 2671 1581 2748 ejus
1622 2670 1923 2729 consilium
1965 2670 2269 2747 reprehen-

280 2752 444 2808 dere.
526 2751 660 2814 Non
688 2752 844 2810 enim
872 2751 920 2809 si
947 2751 1053 2810 tibi
1081 2770 1153 2809 ea
1178 2770 1271 2808 res
1297 2760 1463 2827 grata
1507 2750 1725 2821 fuisset,
1755 2759 1907 2808 esset
1940 2749 2117 2807 etiam
2143 2768 2267 2824 pro-
2292 2750 2366 2806 30
2447 2736 2544 2811 Ἠ·

279 2830 441 2887 bata.
524 2800 795 2907 Sed>Jam
838 2814 948 2890 lioc
987 2839 1169 2889 totum
1196 2829 1432 2899 omitto;
1475 2849 1589 2887 non
1616 2839 1756 2901 tam,
1784 2839 1848 2886 ut
1874 2847 1949 2887 ne
1974 2828 2266 2887 offendam

162 2961 211 2968 .,
278 2919 418 2966 tuas
463 2909 906 2987 patientissimas
948 2929 1133 2981 aureS,
1162 2906 1335 2984 quam
1376 2928 1451 2967 ne
1491 2908 1749 2978 Tubero,
1778 2906 1930 2982 quffl
1969 2923 2267 2980 nunquam
2347 2922 2352 2925 ·

280 2988 581 3064 cogitavit,
644 2989 903 3047 facturus
969 2987 1146 3046 fuisse
1204 2987 1483 3045 videatur.
1564 2986 1909 3045 Veniebatis
1969 2984 2143 3061 igitur
2204 2983 2266 3040 in

279 3067 553 3126 Africam
579 3068 952 3145 provinciam,
982 3085 1158 3124 unam
1186 3086 1256 3124 ex
1282 3066 1550 3123 omnibus
1576 3065 1714 3123 huic
1742 3063 1993 3121 victoriae
2015 3059 2263 3119 maxime

280 3147 591 3206 infestam:
633 3147 693 3204 in
720 3146 835 3223 qua
861 3155 986 3205 erat
1006 3165 1106 3204 rex
1125 3145 1574 3222 potentissimus,
1597 3143 1869 3201 inimicus
1891 3141 2031 3197 huic
2052 3156 2264 3228 causae,
2293 3140 2366 3195 35

280 3226 481 3287 aliena
516 3226 796 3301 voluntas,
826 3234 1140 3283 conventus
1178 3223 1327 3282 firmi
1367 3234 1537 3299 atque
1565 3221 1778 3298 magni.
1857 3219 2099 3288 Quaem,
2128 3217 2269 3290 quid

276 3302 499 3367 facturi
527 3304 752 3362 fuistis?
794 3322 1142 3380 quanquam,
1169 3303 1307 3378 quid
1337 3301 1544 3360 facturi
1576 3300 1815 3370 fueritiS,
1844 3318 1958 3356 non
1987 3295 2266 3366 dubitem,

282 3380 425 3441 cum
448 3382 701 3454 videam,
728 3383 866 3457 quid
896 3382 1165 3441 feceritis.
1248 3380 1531 3446 Prohibiti
1571 3380 1709 3438 estis
1738 3379 1795 3435 in
1824 3373 2120 3453 provincia
2146 3391 2269 3430 ves-

279 3462 374 3520 tra
415 3458 624 3537 pedem
660 3481 892 3538 ponere,
934 3471 993 3520 et
1031 3459 1303 3538 prohibiti
1347 3458 1439 3538 (ut
1476 3457 1816 3537 perhibetis)
1859 3453 2085 3512 summa
2132 3469 2268 3509 cum
2293 3532 2369 3587 4⁰

280 3539 521 3601 in'urii.
1048 3540 1055 3545 ’

286 3614 297 3623 '
344 3561 691 3683 JQnornodo*
717 3619 774 3678 id
814 3619 1071 3678 tulistis‘l
1115 3628 1369 3694 acceptae
1410 3616 1633 3694 injuriae
1662 3611 1955 3688 querelam
1998 3611 2070 3668 ad
2097 3626 2269 3686 quem

284 3695 619 3759 detulistis'l
638 3688 685 3749 Γ
679 3719 883 3777 nempe
939 3700 1010 3757 ad
1065 3717 1220 3769 eum,
1277 3696 1445 3771 cujus
1502 3693 1899 3751 auctoritatem
1954 3689 2159 3760 secuti,
2208 3687 2269 3747 in

285 3778 624 3839 societatem
665 3779 800 3836 belli
843 3775 1173 3857 veneratis}
1225 3773 1412 3837 Quod
1452 3774 1501 3830 si
1543 3770 1792 3830 Caesaris
1832 3769 2011 3827 causa
2048 3768 2108 3826 in
2147 3785 2271 3858 pro-
2411 3772 2419 3782 “

258 3856 543 3927 ,vinciatur
601 3858 953 3927 veniebatis3
1019 3858 1092 3914 ad
1145 3873 1280 3913 eum
1333 3850 1612 3928 profecto,
1667 3849 1887 3907 exclusi
1951 3847 2268 3925 provincia,
