2667 4242
2425 210 2470 234 ὓ,

357 310 440 375 ⁷0
957 304 1231 355 oum-10
1274 304 1414 355 rao
1455 304 1523 365 o„
1570 303 1891 354 musmo.

452 446 771 508 venissetis.
853 448 1111 507 Venistis
1173 449 1245 506 ad
1312 447 1665 525 Pompeium.
1745 444 1902 510 Quae
1959 455 2048 505 est
2107 465 2254 523 ergo
2312 447 2437 505 haec

457 529 609 606 apud
662 529 951 586 Caesarem
992 528 1246 603 querela,
1287 526 1425 586 cum
1472 546 1606 586 eum
1650 525 1960 598 accusatis,
2002 544 2038 584 a
2079 544 2197 600 quo
2238 544 2431 600 quera·

456 607 597 665 mini
626 626 724 665 vos
750 607 1058 684 prohibitos
1098 618 1299 664 contra
1337 606 1632 663 Caesarem
1667 606 1879 663 bellum
1907 605 2156 682 gerere?
2243 605 2435 679 Atque

458 685 519 744 in
560 687 670 744 hoc
695 687 947 762 quidem,
977 685 1063 742 vel
1107 704 1239 742 cum
1282 684 1588 742 mendacio
1627 684 1676 741 si
1716 683 1887 742 vultis
1926 682 2183 761 gloriari,
2212 702 2315 758 per
2329 690 2435 757 'me

212 770 315 785 ⁸*
392 770 430 824 5
457 764 614 835 licet,
660 783 760 823 vos
797 763 1151 840 provinciam
1197 763 1374 821 fuisse
1423 762 1643 821 Caesari
1701 763 2029 834 tradituros,
2074 762 2256 820 etiam
2303 761 2354 817 si
2401 781 2436 818 a

457 843 617 901 Varo
654 853 714 901 et
751 843 1092 919 quibusdam
1136 842 1263 902 aliis
1300 841 1571 931 prohibiti
1611 841 1847 899 essetis:
1888 860 1999 918 ego
2033 850 2232 898 autem
2259 840 2435 897 confi·

457 922 619 980 tebor
658 922 886 998 culpam
926 941 1053 980 esse
1106 920 1347 999 Ligarii,
1387 920 1487 997 qui
1525 939 1625 978 vos
1670 930 1843 978 tantae
1895 919 2085 977 laudis
2122 918 2433 977 occasione

496 999 774 1058 rivaverit.
1070 1050 1079 1059 .

456 1019 496 1077 p
536 1078 646 1136 lx.
711 1079 827 1136 Sed
869 1078 1019 1150 vide,
1058 1097 1272 1155 quaeso,
1300 1078 1369 1136 C.
1400 1076 1618 1150 Caesar,
1660 1075 2041 1136 constantiam
2079 1075 2430 1134 ornatissimi

118 1214 153 1225 ,,
194 1182 325 1239 s‘
362 1160 431 1215 10
459 1157 583 1228 viri,
628 1157 694 1215 L.
737 1157 1100 1216 Tuberonis:
1154 1176 1326 1233 quam
1368 1176 1497 1234 ego,
1538 1156 1797 1233 quamvis
1836 1156 1956 1233 ipse
2000 1156 2329 1232 probarem,
2371 1165 2434 1211 ut

178 1238 191 1245 ”
456 1236 650 1313 probo,
678 1247 870 1294 tamen
912 1256 1025 1294 non
1068 1254 1596 1306 commemorarem,
1622 1233 1733 1293 nisi
1776 1253 1810 1293 a
1848 1245 1906 1292 te
1945 1234 2345 1311 cognovissem
2374 1234 2431 1291 in

456 1314 655 1405 primis
680 1333 809 1373 eam
837 1315 1103 1373 virtutem
1130 1315 1311 1372 solere
1339 1314 1578 1371 laudari.
1657 1313 1812 1376 Quae
1841 1313 1947 1372 fuit
1975 1313 2149 1390 igitur
2177 1331 2431 1387 unquam

458 1412 519 1451 ιιι
561 1394 678 1453 ullo
717 1394 946 1451 homine
986 1404 1146 1450 tanta
1186 1393 1553 1451 constantia?
1635 1392 2032 1451 Constantiam
2072 1391 2249 1449 dico?
2306 1410 2432 1447 nes-

414 1476 423 1486 '
459 1471 571 1542 cio,
602 1491 676 1530 an
703 1472 911 1529 melius
936 1471 1271 1548 patientiam
1298 1472 1509 1548 possim
1537 1471 1749 1529 dicere.
1827 1470 2062 1532 Quotus
2087 1469 2247 1528 enim
2278 1470 2430 1526 istud

366 1548 431 1602 15
457 1549 698 1626 quisque
739 1550 989 1620 fecisset,
1020 1560 1103 1622 ut,
1133 1569 1167 1607 a
1205 1549 1415 1626 quibus
1455 1549 1514 1608 in
1556 1550 1909 1608 dissensione
1950 1549 2105 1607 civili
2134 1568 2251 1606 non
2279 1556 2431 1605 esset

378 1628 415 1643 ⁵*
458 1639 723 1705 receptus
775 1639 1037 1703 essetque
1091 1629 1266 1687 etiam
1323 1647 1457 1686 cum
1511 1629 1853 1687 crudelitate
1904 1627 2171 1704 rejectus,
2216 1627 2291 1683 ad
2331 1646 2430 1684 eos

460 1706 609 1783 ipsos
636 1707 887 1764 rediret?
948 1706 1152 1784 Magni
1194 1707 1495 1784 cujusdam
1536 1707 1734 1779 animi,
1764 1718 1933 1782 atque
1971 1706 2094 1783 ejus
2120 1706 2228 1763 viri
2257 1716 2428 1776 esset,

457 1802 627 1860 quem
669 1785 742 1843 de
780 1786 1047 1861 suscepta
1087 1786 1284 1857 causi,
1325 1786 1722 1863 propositique
1762 1785 2065 1857 sententia,
2092 1784 2258 1842 nulla
2297 1804 2431 1842 con-

426 1862 717 1941 utumelia,
745 1863 904 1921 nulla
931 1863 1035 1935 vis,
1064 1864 1284 1921 nullum
1310 1865 1651 1942 periculum,
1678 1874 1868 1942 posaet
1893 1864 2194 1941 depellere.

357 1939 432 1994 m
474 1956 485 1961 ·
538 1941 616 2000 Ut
636 1940 791 2000 enim
813 1953 1024 2000 caetera
1049 1943 1210 2018 paria
1235 1943 1537 2002 Tuberoni
1565 1963 1700 2002 cum
1728 1944 1885 2002 Varo
1913 1943 2185 2012 fuissent;
2227 1943 2428 2014 honos,

458 2021 745 2095 nobilitas,
774 2021 1057 2097 splendor,
1089 2020 1145 2078 in
1189 2021 1404 2093 eninm,
1441 2041 1568 2098 quae
1608 2024 1968 2098 nequaquam
2010 2022 2275 2090 fuerunt3
2319 2022 2429 2080 hoc·

459 2099 616 2160 certe
657 2101 1009 2178 precipuum
1050 2099 1147 2157 Tu
1225 2101 1381 2159 ronis
1422 2101 1548 2172 fuit,
1575 2102 1725 2178 quod
1750 2102 1903 2178 justo
1928 2119 2061 2159 cum
2091 2099 2333 2176 imperio
2360 2120 2429 2158 ex

288 2194 316 2252 ,1
457 2180 976 2239 senatus-consulto
1016 2178 1074 2237 in
1112 2180 1468 2255 provinciam
1508 2199 1672 2237 suam
1711 2190 1959 2238 venerat.
2043 2179 2204 2237 Hinc
2242 2181 2432 2256 prohi-

460 2258 630 2330 bitus,
672 2279 786 2318 non
841 2260 914 2318 ad
969 2259 1281 2330 Caesarem,
1322 2278 1399 2317 ne
1443 2259 1643 2330 iratus,
1685 2279 1800 2316 non
1839 2260 2092 2330 domum,
2134 2277 2210 2316 ne
2252 2259 2427 2329 iners,

357 2330 431 2388 ὕ
456 2355 571 2394 non
626 2338 876 2413 aliquam
917 2337 976 2395 in
1017 2338 1332 2415 regionem,
1374 2357 1450 2396 ne
1504 2338 1890 2397 condemnare
1949 2355 2186 2396 causam
2247 2337 2426 2408 illam,

455 2432 628 2489 quam
655 2426 889 2472 secutus
914 2426 1084 2486 esset,
1114 2415 1434 2487 videretur;
1477 2416 1537 2474 in
1567 2415 1992 2487 Macedoniam,
2021 2416 2093 2474 ad
2120 2415 2232 2474 Cn.
2266 2416 2430 2474 Pom-

444 2492 571 2568 -peii
599 2504 787 2550 castra
813 2493 988 2563 venit,
1019 2493 1078 2551 in
1119 2513 1249 2552 eam
1290 2494 1472 2571 ipsam
1512 2514 1768 2567 causam,
1799 2514 1833 2552 a
1871 2494 1986 2571 qua
2025 2504 2150 2553 erat
2177 2495 2428 2571 rejectus

457 2587 593 2626 cum
614 2569 840 2646 injuria.
907 2571 1115 2633 Quid?
1158 2569 1294 2630 cum
1315 2573 1426 2632 ista
1446 2593 1539 2632 res
1564 2575 1707 2632 nihil
1737 2574 2134 2632 commovisset
2159 2573 2287 2650 ejus
2311 2574 2429 2631 ani-

457 2665 636 2720 mum,
659 2649 731 2707 ad
752 2667 921 2725 quem
942 2650 1258 2722 veneratis3
1298 2652 1659 2730 languidiore
1682 2652 1910 2743 (credo)
1940 2653 2130 2710 studio
2158 2653 2219 2710 in
2248 2652 2430 2710 causa

356 2728 430 2784 ω
457 2724 677 2784 fuistis:
717 2729 1111 2788 tantummodo
1149 2729 1210 2787 in
1247 2732 1529 2806 praesidiis
1565 2741 1774 2803 eratis,
1818 2731 1993 2789 animi
2020 2730 2155 2789 vero
2187 2750 2222 2788 a
2247 2731 2423 2788 causei

458 2804 872 2864 abhorrebant:
916 2826 1010 2879 an,
1039 2818 1104 2866 ut
1130 2809 1193 2866 fit
1221 2809 1280 2866 in
1310 2809 1576 2869 civilibus
1615 2810 1799 2882 bellis,
1830 2830 1942 2869 nec
1968 2810 2028 2868 in
2055 2809 2216 2868 vobis
2242 2811 2431 2887 magis

455 2881 627 2959 quam
665 2884 725 2942 in
765 2886 1019 2963 rdiquis‚
1045 2907 1246 2946 omnes
1271 2889 1542 2947 vincendi
1583 2890 1772 2948 studio
1810 2889 2186 2947 tenebamur?
2255 2890 2431 2946 Pacis

456 2962 723 3038 equidem
751 2983 972 3042 semper
1002 2976 1201 3029 auctor
1229 2966 1346 3025 fui:
1388 2968 1491 3025 sed
1518 2978 1639 3024 tum
1667 2967 1814 3027 sero.
1884 2968 2024 3025 Erat
2050 2967 2206 3025 enim
2237 2986 2432 3024 amen-

456 3040 549 3113 tis,
588 3040 722 3100 cilm
770 3044 954 3103 aciem
1001 3046 1243 3117 videres,
1288 3065 1494 3122 pacem
1535 3046 1805 3137 cogitare.
1887 3046 2130 3118 Omnes,
2171 3045 2429 3121 inquam,

355 3125 429 3180 35
455 3120 687 3180 vincere
727 3123 1089 3183 volebamus:
1143 3133 1206 3181 tu
1249 3123 1407 3182 certe
1453 3124 1765 3203 praecipue,
1805 3126 1903 3201 qui
1945 3126 2006 3183 in
2046 3144 2181 3183 eum
2235 3125 2431 3183 locum

454 3199 728 3273 venisses,
756 3202 856 3259 ubi
896 3203 1001 3260 tibi
1042 3212 1192 3261 esset
1225 3204 1601 3279 pereundum,
1630 3204 1742 3262 nisi
1769 3204 2036 3263 vicisses:
2077 3222 2432 3279 quanquam,

454 3287 520 3335 ut
546 3298 703 3414 nffim
730 3299 793 3337 se
820 3299 912 3337 res
940 3281 1132 3351 habet,
1160 3300 1275 3338 non
1304 3280 1523 3354 dubito,
1551 3283 1690 3358 quin
1731 3285 1883 3342 hanc
1923 3283 2165 3341 salutem
2201 3294 2435 3363 antw-

453 3375 560 3415 nas
651 3357 671 3415 i
701 3358 966 3416 victoriae.
1823 3358 1832 3369 '

534 3436 613 3494 X.
675 3435 824 3493 Haec
863 3455 973 3514 ego
1012 3456 1126 3495 non
1167 3436 1441 3509 dicerem,
1471 3439 1730 3513 Tubero,
1757 3440 1806 3498 si
1836 3449 1935 3497 aut
1960 3460 2057 3499 vos
2089 3438 2438 3507 constantin
2475 3466 2486 3475 ·
2581 3497 2585 3505 .

355 3517 427 3571 40
454 3523 672 3586 vestrae,
705 3525 803 3571 aut
842 3514 1132 3574 Caesarem
1169 3506 1439 3581 beneficii
1467 3518 1576 3589 sui,
1604 3519 1921 3594 poeniteret.
2005 3518 2184 3577 Nunc
2212 3538 2436 3613 qum,-
2469 3556 2476 3565 ·

356 3592 373 3599 “
454 3591 645 3648 utrum
703 3604 918 3651 vestras
977 3594 1234 3670 injurias„
1298 3614 1372 3652 an
1428 3597 1779 3672 reipublicae,
1836 3598 2275 3674 persequamini.
2361 3598 2434 3661 Sa

453 3669 801 3744 reipublicae,
831 3673 968 3748 quid
1010 3674 1082 3731 de
1122 3674 1308 3732 vestra
1347 3674 1407 3731 in
1442 3674 1513 3732 ea
1542 3675 1718 3733 causa
1745 3678 2166 3752 perseverantia
2194 3697 2433 3754 respon-

308 3800 315 3809 ,
455 3745 704 3803 debitis?
758 3749 808 3804 si
848 3760 1083 3821 vestras,
1125 3751 1333 3822 videte,
1376 3771 1451 3808 ne
1491 3753 1710 3822 erretis,
1751 3755 1848 3828 qui
1891 3755 2181 3812 Caesarem
2222 3758 2434 3817 vestris

364 3886 369 3887 ⁷
454 3820 706 3878 inimicis
731 3823 942 3881 iratum
970 3827 1089 3883 fore
1113 3828 1344 3903 putetis,
1373 3826 1509 3885 cum
1538 3828 1816 3905 ignoverit
1841 3831 1977 3888 suis.

560 4138 843 4214 A
898 4178 903 4183 ·
