2667 4242
268 206 383 237 ις·

364 292 409 353 Β
902 279 1179 342 οιιᾼτιο
1224 290 1266 341 ι.
1312 291 1390 340 ιιι
1437 290 1496 340 L.
1544 288 1972 342 οΑτιιιΝΑΜ.

466 433 596 491 licae
642 434 972 506 consilium,
1017 454 1206 512 neque
1254 436 1568 493 auctoritas
1606 434 1777 512 hujus
1817 434 2071 494 ordinis:
2128 454 2254 501 nos,
2307 455 2449 509 nos,

465 512 602 569 dico
631 512 846 589 aperte,
876 515 1145 573 consules
1170 515 1486 573 desumus·

364 575 429 663 >K
546 591 628 649 11.
716 593 989 651 Decrevit
1027 594 1317 670 quondam
1347 603 1602 664 senatuS,
1631 603 1693 650 ut
1722 591 1789 651 L.
1818 591 2089 669 Opimius
2116 594 2327 651 consul
2362 594 2451 651 vi·

467 670 653 742 deret,
681 691 754 729 ne
780 673 917 748 quid
945 672 1271 749 respublica
1298 672 1631 730 detrimenti
1658 684 1909 748 caperet.
1994 671 2127 730 Nox
2155 673 2323 730 nulla
2355 673 2449 729 in-

199 754 221 803 '-
270 817 280 822 ‚
362 751 399 803 5
468 751 762 808 tercessit:
806 751 1143 809 interfectus
1169 762 1534 828 est,rpropter
1560 751 1838 826 quasdam
1867 750 2214 808 seditionum
2242 752 2447 828 suspi-

468 830 686 901 ciones,
705 829 774 887 C.
791 830 1115 901 Gracchus,
1135 830 1454 889 clarissimo
1467 840 1652 907 patre,
1671 848 1794 901 avo,
1813 830 2155 906 majoribus:
2191 831 2446 888 occisus

463 921 553 966 est
596 927 729 965 cum
758 908 951 967 liberis
988 908 1072 966 M.
1105 908 1364 979 Fulvius,
1394 909 1728 967 consularis.
1813 908 2000 966 Simili
2030 910 2450 967 senatus-con·

466 987 636 1058 sulto,
658 987 729 1045 C.
749 986 939 1045 Mario
959 997 1018 1045 et
1042 987 1105 1047 L.
1130 987 1385 1058 Valerio,
1409 987 1764 1060 consulibus,
1784 988 2061 1064 permissa
2081 999 2169 1045 est
2189 989 2444 1065 respub·

466 1065 582 1122 lica
605 1085 618 1122 :
664 1085 800 1123 num
825 1085 1001 1124 unum
1025 1066 1180 1124 diem
1198 1077 1397 1143 pomea
1419 1065 1486 1123 L.
1507 1067 1882 1124 Saturninum
1901 1066 2439 1143 tribunum‘plebiS,

370 1152 433 1203 10
466 1156 524 1201 et
551 1145 621 1203 C.
654 1145 957 1202 Servilium
986 1155 1306 1221 praetorem,
1326 1164 1479 1202 mors
1507 1164 1578 1203 ac
1599 1145 1927 1221 reipublicae
1945 1164 2119 1221 poena
2137 1156 2439 1204 remorata

466 1225 598 1281 est'l
680 1225 763 1282 Ax
786 1244 899 1282 nos
922 1224 1257 1282 vicesimum
1281 1224 1400 1301 jam
1431 1223 1584 1287 diem
1613 1225 1864 1300 patimur
1890 1225 2202 1282 hebescere
2233 1225 2437 1282 aciem

467 1303 669 1361 horum
701 1303 1072 1362 auctoritatis
1157 1304 1460 1361 Habemus
1486 1303 1642 1360 enim
1675 1303 1998 1379 hujusmodi
2027 1303 2439 1361 senatus-con-

466 1382 698 1455 sultum,
729 1394 1102 1440 veruntamen
1146 1382 1431 1440 inclusum
1477 1382 1536 1439 in
1577 1382 1805 1452 tabulis,
1850 1394 2120 1457 tanquam
2162 1382 2434 1459 gladium

466 1459 525 1518 in
568 1430 777 1537 vagina
817 1462 1382 1536 recondituquuo
1420 1480 1494 1518 ex
1533 1462 2073 1531 senatus-consulto,
2118 1461 2434 1518 confestim

363 1542 432 1599 15
466 1539 832 1598 interfectum
859 1551 917 1598 te
944 1559 1092 1611 esse,
1118 1540 1398 1611 Catilina,
1422 1540 1708 1597 convenit.
1795 1538 1989 1609 Vivis;
2032 1550 2091 1597 et
2120 1540 2282 1610 vivis,
2306 1559 2433 1597 non

467 1619 537 1675 ad
580 1619 1002 1695 deponendam,
1039 1620 1140 1676 sed
1185 1620 1256 1675 ad
1299 1618 1775 1689 confirmandam,
1806 1619 2126 1677 audaciam.
2210 1612 2432 1710 Cupie,

466 1697 668 1754 Patres
709 1698 1063 1773 Conscripti,
1088 1717 1180 1755 me
1218 1717 1348 1755 esse
1375 1697 1758 1755 clementem:
1803 1698 1993 1773 cupi0,
2025 1698 2081 1754 in
2113 1698 2290 1756 tantis
2317 1697 2436 1755 rei·

463 1777 711 1866 publicae
751 1777 1040 1866 periculis,
1085 1795 1177 1834 me
1219 1796 1334 1835 non
1378 1776 1715 1834 dissolutum
1758 1776 1978 1834 videri.
2028 1777 2130 1834 sed
2166 1777 2289 1860 jam
2332 1789 2434 1834 me
2489 1775 2494 1779 ’

380 1872 385 1877 ·
466 1857 587 1932 ipse
617 1856 839 1913 inertiae
866 1856 1246 1931 nequitiaeque
1275 1855 1618 1913 condemno.

359 1943 431 2001 m
544 1935 751 1992 Castra
778 1948 909 1995 sunt
941 1936 998 1992 in
1029 1934 1219 2006 Italia,
1250 1945 1452 1993 contra
1472 1934 1915 2011 rempublicam,
1941 1935 1999 1992 in
2027 1933 2273 1992 Etruriae
2304 1933 2434 1992 fau-

465 2013 632 2071 cibus
659 2014 973 2071 collocata:
1016 2014 1227 2071 crescit
1266 2014 1326 2071 in
1369 2013 1496 2070 dies
1521 2014 1792 2096 singulos
1819 2014 2083 2071 hostium
2111 2022 2429 2071 numerus:
2503 2084 2510 2090 ,

463 2111 664 2151 eorum
692 2105 883 2155 autem
913 2094 1310 2190 imperatorem
1340 2102 1679 2163 castrorum,
1702 2093 2024 2183 ducemque
2048 2093 2316 2164 hostium,
2343 2093 2436 2149 in-
2522 2119 2526 2122 >

464 2186 553 2229 tra
594 2173 827 2244 moenia,
872 2186 1043 2249 atque
1086 2170 1231 2231 adeo
1281 2172 1344 2229 in
1384 2183 1611 2242 senatu,
1641 2167 1919 2240 videmus,
1951 2171 2280 2229 intestinam
2328 2170 2434 2228 ali-

465 2271 636 2326 quam
678 2253 933 2328 quotidie
971 2252 1289 2328 perniciem
1315 2250 1672 2340 reipublicae·
1676 2250 1962 2312 moliente
1971 2272 1985 2306 1
2109 2250 2175 2308 Si
2202 2259 2260 2308 te
2282 2249 2431 2327 jam,

357 2334 433 2402 25
467 2331 741 2401 Catilina,
779 2330 1209 2406 comprehendi,
1252 2330 1301 2386 si
1346 2329 1614 2399 interfici,
1650 2328 1906 2405 jusser03
1951 2348 2046 2386 cre
2087 2349 2144 2400 ο,
2184 2329 2293 2386 erit
2335 2347 2433 2386 ve-
2523 2362 2526 2365 -

465 2410 708 2466 rendum
754 2409 916 2480 mihi,
946 2429 1019 2466 ne
1063 2428 1178 2465 non
1223 2408 1335 2465 hoc
1382 2405 1572 2482 potius
1612 2426 1816 2465 omnes
1847 2407 1979 2465 boni
2009 2408 2193 2466 serius
2236 2427 2269 2464 a
2309 2426 2430 2476 me,
2529 2444 2540 2451 -

465 2506 645 2563 quam.
678 2488 976 2563 quisquam
1018 2485 1332 2556 ermelina,
1371 2486 1587 2559 factum
1629 2506 1756 2544 esse
1797 2488 1971 2545 dicat.
2055 2484 2274 2545 Verum
2316 2505 2432 2562 ego

468 2567 600 2635 hoc,
628 2567 779 2641 quod
816 2566 1158 2642 jampridem
1196 2565 1421 2625 factum
1462 2584 1592 2623 esse
1628 2566 1897 2642 oportuit,
1922 2568 2087 2623 certa
2121 2567 2194 2622 de
2224 2584 2429 2634 causa,

466 2645 724 2703 nondum
756 2645 1030 2715 adducor,
1062 2654 1123 2702 ut
1152 2644 1381 2702 faciam.
1466 2644 1625 2703 Tum
1666 2644 1915 2720 denique
1960 2644 2304 2702 interficiam
2347 2654 2429 2715 te,

359 2725 434 2780 30
467 2742 623 2781 cum
614 2723 746 2813 jam
777 2742 948 2781 nemo
974 2734 1092 2781 tam
1136 2723 1447 2812 improbae,
1476 2734 1595 2781 tam
1637 2724 1916 2800 perditus,
1945 2734 2063 2782 tam
2092 2724 2175 2781 tui
2202 2722 2429 2793 similia,

468 2803 711 2860 inveniri
733 2802 958 2878 poterit,
981 2803 1079 2878 qui
1103 2802 1159 2861 id
1184 2821 1300 2860 non
1317 2821 1450 2878 Jure
1471 2803 1697 2862 factum
1714 2822 1842 2860 esse
1872 2804 2154 2860 fateatur.
2202 2802 2431 2864 Quam-
2531 2831 2535 2835 ·
2629 2790 2630 2793 ¹

466 2883 569 2939 diu
604 2883 902 2957 quisquam
947 2883 1074 2953 erit,
1094 2882 1201 2957 qui
1242 2893 1300 2939 te
1344 2881 1656 2940 defendere
1700 2882 1929 2953 mdeat,
1957 2882 2145 2939 vives:
2179 2886 2244 2938 et
2273 2881 2431 2938 vives

393 3033 397 3037 .
468 2961 661 3033 ita„.ut
687 2980 846 3041 nnnc
890 2960 1050 3032 vivis,
1079 2960 1274 3018 multis
1317 2960 1462 3018 meis
1496 2972 1556 3018 et
1596 2960 1775 3019 firmis
1816 2960 2097 3036 praesidiis
2133 2960 2427 3030 obsessuS,

470 3060 561 3097 ne·
585 3034 946 3101 commovere
986 3051 1043 3099 te
1086 3050 1288 3098 contra
1327 3026 1743 3129 rempublicam
1772 3040 1987 3115 possis:
2033 3039 2341 3096 multorum
2368 3049 2429 3095 te

360 3128 433 3183 35
468 3120 643 3178 etiam
681 3119 850 3177 oculi
866 3130 925 3179 et
942 3136 1140 3190 maures
1169 3137 1284 3177 non
1310 3119 1679 3198 sentientem,
1709 3118 1889 3195 (sicut
1920 3118 2110 3176 adhuc
2133 3116 2426 3214 fecerunt)

469 3199 921 3276 &eculabuntur
951 3212 1119 3274 atque
1147 3197 2450 3259 custodient.»

548 3278 662 3336 III.
748 3277 980 3337 Etenim
1006 3277 1143 3352 quid
1172 3287 1279 3348 est,
1304 3276 1580 3347 Catilina,
1602 3275 1797 3351 quod
1775 3295 1896 3352 Jarn
1927 3273 2173 3351 amplius
2191 3292 2428 3350 exspec-

467 3369 575 3429 teS,
624 3357 673 3415 si
717 3376 904 3432 neque
948 3376 1087 3421 nox
1113 3356 1369 3413 tenebris
1414 3357 1724 3413 obscurare
1772 3366 1955 3412 coetus
1999 3354 2267 3423 nefarios,
2315 3371 2427 3410 nec

468 3438 691 3513 privata
718 3437 923 3494 domus
949 3435 1261 3510 parietibus
1286 3435 1586 3492 continere
1616 3453 1815 3491 vocem
1859 3432 2274 3509 conjurationis
2314 3442 2428 3488 tnae
2467 3503 2475 3511 .

362 3521 437 3575 40
469 3517 697 3592 potest?
739 3515 786 3572 si
818 3501 1192 3580 illustrantur,
1214 3514 1263 3570 si
1286 3525 1596 3589 erumpunt
1619 3513 1859 3571 omnia?
1926 3511 2131 3571 Muta
2111 3531 2229 3588 Jam
2260 3504 2426 3568 istam

470 3606 759 3651 mentem:
804 3593 946 3651 mihi
973 3592 1180 3649 crede:
1221 3592 1563 3649 obliviscere
1591 3592 1789 3662 oaedis,
1815 3602 1983 3667 atque
2007 3591 2423 3648 incendiorum.

469 3673 722 3735 Teneris
760 3673 1047 3747 undique:
1104 3671 1237 3727 luce
1278 3681 1413 3731 sunt
1450 3671 1694 3729 clariora
1720 3670 1886 3729 nobis
1914 3682 2013 3727 tua
2042 3669 2284 3727 consilia
2309 3683 2456 3726 om-'

473 3751 609 3808 nia:
612 3756 779 3824 quae
799 3750 973 3808 etiam
988 3766 1225 3805 mecum
1242 3747 1381 3814 licet
1402 3767 1800 3823 recognoscas,
1813 3738 1835 3839 J
1871 3748 2289 3817 Meministine,
2312 3760 2423 3817 me,
2447 3784 2452 3792 -

475 3839 608 3889 ante
614 3820 776 3885 diem
799 3827 943 3885 XII.
975 3826 1268 3885 Calendas
1295 3823 1661 3898 Novembris,
1678 3812 1910 3884 dicere'
1897 3846 1957 3884 m
1974 3838 2202 3899 senatu,
2226 3820 2424 3887 sorcin
2447 3868 2456 3877 -
2479 3900 2484 3909 ι
2517 3846 2522 3853 ·
