2667 4242
315 328 429 389 140
933 326 1208 378 ORATIO
1253 324 1329 377 IN
1376 327 1452 376 Μ.
1498 316 1903 377 ANTonM.

407 471 457 530 si
485 468 655 530 modo
697 470 960 531 homines
987 480 1139 544 sunt,
1188 470 1479 529 interdurn
1528 469 1735 529 animis
1780 471 2126 530 relaxantur.
2206 468 2407 532 Quod

410 562 603 608 autem
658 549 812 608 idem
854 550 1185 608 moestitiam
1245 569 1436 608 meam
1497 550 1887 626 reprehendit,
1943 549 2096 606 idem
2152 549 2401 626 jocum:

408 648 619 706 magno
647 641 984 706 argumento
1010 640 1117 702 est,
1146 648 1239 688 me
1268 629 1327 686 in
1358 639 1599 704 utroque
1627 628 1802 686 fuisse
1830 627 2204 686 moderatum.

412 760 417 766 .
489 707 875 768 Haereditates
902 707 1043 766 mihi
1082 708 1308 785 negasti
1356 708 1568 766 venire.
1650 706 1888 766 Utinam
1936 707 2048 765 hoc
2093 716 2262 764 tuum
2303 726 2403 765 ve-

343 798 381 852 5
409 804 534 844 rum
558 786 778 845 crimen
806 789 993 845 esset!
1037 787 1231 863 plures
1273 787 1447 844 amici
1488 785 1602 844 mei
1649 790 1734 844 et·
1754 785 2069 844 necessarii
2115 785 2401 845 viverent.

409 865 529 922 Sed
557 863 656 939 qui
684 866 835 924 istuc
861 867 966 924 tibi
1013 866 1170 924 venit
1216 866 1276 923 in
1325 865 1623 923 mentem?
1664 884 1774 943 ego
1800 865 1956 923 enim
1995 865 2244 939 amplius
2284 865 2403 924 HS

408 943 711 1003 ducenties
778 955 1081 1021 acceptum
1150 944 1582 1002 haereditatibus
1639 944 1829 1002 retuli.
1908 942 2271 1033 Quanquam
2333 944 2401 1003 in

408 1022 527 1081 hoc
566 1043 744 1101 gener
746 1043 779 1081 e
822 1024 1001 1082 fateor
1042 1023 1358 1082 feliciorem
1404 1042 1532 1081 esse
1558 1032 1632 1080 te.
1718 1022 1821 1081 Me
1859 1041 2052 1094 nemo,
2094 1022 2209 1080 nisi
2254 1023 2403 1080 ami-

409 1121 534 1174 cus,
578 1102 716 1161 fecit
768 1103 1076 1173 haeredem,
1132 1112 1214 1173 ut,
1263 1121 1398 1160 cum
1441 1102 1539 1160 illo
1579 1102 1898 1174 commodo,
1938 1100 1990 1159 si
2052 1101 2203 1176 quod
2247 1112 2398 1173 erat,

310 1174 382 1230 10
410 1180 588 1239 animi
617 1181 851 1257 quidam
881 1182 1037 1240 dolor
1058 1182 1434 1258 jungeretur:
1477 1191 1535 1239 te
1583 1180 1651 1252 is,
1680 1199 1853 1256 quem
1898 1190 1962 1238 tu
2010 1180 2203 1238 vidisti
2244 1201 2402 1239 nun-

408 1278 602 1334 quam,
651 1260 718 1318 L.
769 1261 1030 1319 Rubrius
1077 1260 1372 1342 CassinaS,
1430 1259 1569 1317 fecit
1627 1261 1935 1318 haeredem.
2018 1258 2097 1316 Et
2156 1260 2400 1334 quidem

408 1339 560 1411 vide,
590 1338 762 1414 quam
808 1355 867 1397 te
917 1339 1123 1397 amarit
1170 1336 1238 1410 is,
1268 1339 1387 1414 qui,
1420 1338 1584 1396 albus
1626 1349 1818 1396 aterve
1868 1337 2110 1410 fueris,
2096 1356 2398 1415 ignorans,

409 1416 600 1475 fratris
626 1418 805 1475 filium
830 1418 1142 1495 praeteriit3
1184 1417 1265 1479 Q.
1298 1417 1482 1489 Furii,
1513 1417 1896 1475 honestissimi
1937 1417 2147 1492 equitis
2175 1417 2401 1475 Roma-

407 1495 488 1567 ni,
518 1496 722 1571 suique
751 1496 1104 1569 amicissimi,
1134 1516 1304 1572 quem
1332 1496 1526 1573 palam
1577 1497 1862 1554 haeredem
1891 1510 2116 1572 semper
2159 1495 2398 1571 factita-

310 1580 380 1635 15
409 1584 515 1645 rat,
545 1594 619 1632 ne
646 1594 854 1633 nomen
883 1576 1115 1651 quidem
1141 1576 1509 1651 perscripsit,
1497 1596 1510 1608 ·
1552 1586 1629 1648 te,
1679 1593 1852 1650 quem
1897 1593 2192 1650 nunquam
2239 1574 2401 1634 vide·

380 1656 515 1723 rat,
559 1672 629 1710 ac
669 1672 964 1728 nunquam
1013 1655 1380 1725 salutaverat,
1437 1654 1574 1712 fecit
1615 1621 1926 1712 liaeredem.
2009 1653 2205 1710 Velim
2247 1654 2398 1713 mihi

407 1731 589 1803 dicas,
619 1731 729 1789 nisi
759 1734 1060 1790 molestum
1107 1743 1213 1804 est,
1258 1732 1325 1791 L.
1356 1733 1662 1791 Turselius
1690 1734 1805 1808 qua
1854 1732 2002 1790 facie
2040 1732 2234 1804 suerit,
2274 1735 2398 1808 qua

407 1810 647 1882 statura,
676 1830 791 1886 quo
836 1811 1169 1888 municipio,
1200 1813 1314 1886 qua
1341 1812 1513 1869 tribu.
1595 1810 1760 1869 Nihil
1804 1812 1944 1883 scio,
1988 1810 2236 1886 inquies,
2277 1813 2400 1871 nisi
2454 1822 2464 1831 '

407 1907 535 1962 quae
562 1889 778 1965 praedia
804 1890 1087 1949 habuerit.
1171 1890 1379 1968 Igitur,
1411 1891 1641 1949 fiatrem
1691 1858 2083 1961 exhaeredanS,
2112 1901 2172 1948 te
2215 1890 2398 1949 facie·

306 1966 378 2026 20
411 1967 506 2024 bat
534 1969 994 2028 haeredem.1n
1024 1969 1232 2027 multas
1277 1982 1555 2047 praeterea
1600 1969 1879 2046 pecunias
1907 1969 2396 2028 alienissimorum

407 2046 724 2120 hominum,
765 2047 965 2125 ejectis
1010 2049 1159 2107 veris
1204 2049 1549 2121 haeredibus,
1578 2060 1851 2124 tanquam
1880 2048 2064 2106 hae‘res
2092 2059 2264 2123 esset,
2305 2049 2397 2107 in-

406 2127 568 2184 vasit.
650 2125 1007 2204 Quanquam
1036 2130 1145 2186 hoc
1192 2125 1443 2185 maxime
1494 2127 1808 2186 admiratus
1854 2146 2002 2199 sum,
2034 2127 2395 2187 mentionem

405 2212 465 2263 te
512 2194 910 2265 haereditatum
960 2225 1162 2266 ausum
1211 2226 1339 2264 esse
1387 2206 1599 2279 facere,
1648 2205 1785 2265 cum
1826 2207 1950 2283 ipse
1987 2173 2391 2285 'haereditatem

404 2284 585 2360 patris
612 2306 725 2345 non
755 2285 988 2344 adisses.

304 2352 378 2417 25
484 2363 687 2421 XVII.
732 2365 880 2422 Haec
910 2374 972 2422 ut
1000 2363 1319 2442 colligeres,
1367 2364 1539 2423 homo
1586 2363 1993 2437 amentissime,
2034 2373 2119 2423 tot
2159 2365 2284 2423 dies
2326 2365 2392 2424 in

408 2440 598 2498 aliena
628 2442 761 2500 villa
788 2443 1170 2500 declamasti?
1212 2460 1541 2520 quanquam
1569 2453 1632 2500 tu
1648 2444 1913 2519 quidem,
1965 2444 2056 2521 (ut
2096 2444 2181 2501 tui
2225 2444 2395 2502 fami-

406 2518 695 2577 liarissimi
756 2521 1050 2601 dictitant)
1115 2521 1232 2580 vini
1280 2523 1607 2594 exhalandi,
1669 2543 1782 2581 non
1845 2523 2064 2600 ingenii
2114 2524 2391 2597 acuendi,

407 2599 605 2670 causa,
635 2600 989 2660 declamitas
1073 2600 1151 2658 Et
1180 2600 1313 2659 vero
1347 2603 1604 2674 adhibes,
1628 2601 1745 2678 joci
1793 2620 1991 2674 causa,
2019 2602 2388 2678 magistrum,

406 2645 678 2766 suffragio
703 2688 802 2736 tuo
829 2690 887 2738 et
934 2690 1323 2755 compotorum
1365 2692 1611 2754 tuorum,
1641 2682 1956 2750 rhetorem;
2001 2681 2097 2738 oui
2147 2700 2393 2739 conces-

304 2764 378 2819 30
408 2755 550 2827 sisti,
593 2769 657 2814 ut
697 2757 757 2815 in
798 2768 876 2831 te,
918 2778 1045 2834 quae
1087 2759 1276 2830 vellet,
1319 2759 1556 2818 diceret.
1639 2761 1870 2817 Salsum
1924 2759 2158 2821 omnino
2202 2760 2392 2818 homi-

406 2836 577 2893 nem!
623 2837 723 2893 sed
764 2839 1007 2896 materia
1048 2838 1235 2896 facilis
1262 2848 1369 2910 est,
1400 2839 1459 2896 in
1506 2848 1564 2896 te
1592 2847 1649 2896 et
1698 2838 1757 2896 in
1797 2848 1926 2896 tuos
1965 2838 2123 2896 dicta
2162 2838 2385 2898 dicere.

405 2913 559 2973 Vide
589 2926 801 2988 autem,
831 2917 968 2992 quid
997 2916 1144 2974 inter
1172 2927 1229 2975 te
1257 2927 1315 2975 et
1365 2935 1532 2974 avum
1579 2927 1742 2975 tuum
1780 2916 2017 2975 intersit.
2101 2916 2209 2975 Ille
2252 2937 2391 2975 sen-

402 2991 513 3050 sim
542 2994 792 3068 dicebat,
822 2995 973 3071 quod
1003 3012 1191 3053 causae
1219 2996 1553 3071 prodesset,
1594 3006 1659 3054 tu
1699 2996 1913 3054 cursim
1954 2996 2102 3054 dicis
2132 2995 2340 3054 aliena.

485 3074 565 3131 At
593 3085 809 3148 quanta
835 3093 1056 3133 merces
1103 3074 1314 3132 rhetori
1363 3075 1499 3132 data
1544 3077 1674 3133 est‘l
1757 3075 1995 3147 Audite,
2027 3075 2242 3146 audite,
2271 3075 2390 3133 Pa-

300 3150 373 3212 35
403 3160 519 3209 tres
579 3153 939 3230 Conscripti·
925 3198 939 3224 ,
1002 3163 1060 3213 et
1119 3153 1452 3229 cognoscite
1513 3154 1847 3230 reipublicae
1907 3153 2161 3211 vulnera.
2246 3154 2389 3213 Duo

402 3231 585 3288 millia
619 3231 885 3308 jugerum
929 3230 1116 3309 campi
1177 3231 1448 3291 Leontini
1505 3234 1635 3291 Sex.
1686 3233 1893 3291 Clodio
1932 3231 2144 3290 rhetori
2200 3234 2389 3309 assig-

400 3309 573 3382 nasti,
603 3320 661 3368 et
699 3311 931 3387 quidem
980 3310 1277 3383 immunia,
1308 3322 1389 3382 ut,
1431 3331 1534 3387 pro
1572 3311 1733 3369 tanta
1776 3312 2062 3383 mercede,
2104 3311 2248 3368 nihil
2292 3332 2388 3369 sa-

398 3406 538 3480 per-e
567 3388 836 3447 disceres.
920 3388 1081 3446 Num
1123 3389 1296 3447 etiam
1342 3392 1474 3462 hoc,
1503 3392 1671 3449 homo
1701 3390 2101 3459 audacissime,
2134 3409 2206 3447 ex
2246 3391 2387 3448 Cae-
2473 3450 2481 3458 ,

401 3467 546 3525 saris
587 3467 1055 3526 commentariis?
1154 3469 1270 3526 Sed
1326 3469 1517 3527 dicam
1562 3470 1674 3528 alio
1712 3469 1840 3528 loco
1878 3479 1935 3527 et
1976 3470 2049 3526 de
2089 3437 2386 3529 Leontino

300 3538 372 3600 40
403 3565 546 3637 agro
580 3557 638 3603 et
679 3546 752 3604 de
792 3547 1128 3622 Campan03
1189 3567 1330 3639 quos
1372 3549 1479 3606 iste
1522 3566 1710 3625 agrOS,
1733 3558 1978 3624 ereptos
2018 3546 2382 3626 reipublicae,

398 3625 740 3699 turpissimis
797 3626 1212 3716 possessoribus
1264 3627 1606 3701 inquinavit.
1690 3627 1727 3685 J
1733 3646 1824 3685 am
1885 3626 2061 3697 enim,
2102 3628 2384 3701 quoniam

360 3702 743 3760 criminibus
770 3704 894 3779 ejus
921 3705 1059 3761 satis
1088 3704 1372 3780 respondi,
1402 3705 1517 3762 de
1503 3724 1626 3781 ipso
1653 3707 2020 3764 emendatore
2049 3715 2107 3762 et
2150 3725 2385 3765 correc—

398 3786 522 3834 tore
560 3791 752 3838 nostro
792 3784 1055 3856 quaedam
1095 3782 1346 3840 dicenda
1386 3792 1552 3842 sunt:
1610 3802 1722 3842 nec
1763 3785 1918 3842 enim
1957 3784 2155 3843 omnia
2196 3785 2385 3845 effun-
