<?xml version="1.0" encoding="UTF-8"?>
<!DOCTYPE html PUBLIC "-//W3C//DTD XHTML 1.0 Transitional//EN"
    "http://www.w3.org/TR/xhtml1/DTD/xhtml1-transitional.dtd">
<html xmlns="http://www.w3.org/1999/xhtml" xml:lang="en" lang="en">
 <head>
  <title>
</title>
<meta http-equiv="Content-Type" content="text/html;charset=utf-8" />
  <meta name='ocr-system' content='tesseract 3.04.00' />
  <meta name='ocr-capabilities' content='ocr_page ocr_carea ocr_par ocr_line ocrx_word'/>
</head>
<body>
  <div class='ocr_page' id='page_1' title='image "./mtciceronisorat01folsgoog_0020.png"; bbox 0 0 2667 4242; ppageno 0'>
   <div class='ocr_carea' id='block_1_1' title="bbox 350 291 1954 358">
    <p class='ocr_par' dir='ltr' id='par_1_1' title="bbox 350 291 1954 358">
     <span class='ocr_line' id='line_1_1' title="bbox 350 291 1954 358; baseline -0.004 -12"><span class='ocrx_word' id='word_1_1' title='bbox 350 298 427 358; x_wconf 61' lang='lat'><strong>1⁴</strong></span> <span class='ocrx_word' id='word_1_2' title='bbox 900 293 1174 345; x_wconf 81' lang='lat' dir='ltr'>ORATIO</span> <span class='ocrx_word' id='word_1_3' title='bbox 1219 293 1261 343; x_wconf 94' lang='lat'><strong>1.</strong></span> <span class='ocrx_word' id='word_1_4' title='bbox 1307 293 1385 343; x_wconf 77' lang='lat' dir='ltr'><strong>m</strong></span> <span class='ocrx_word' id='word_1_5' title='bbox 1428 292 1489 343; x_wconf 82' lang='lat' dir='ltr'><strong>L.</strong></span> <span class='ocrx_word' id='word_1_6' title='bbox 1524 291 1954 342; x_wconf 78' lang='lat' dir='ltr'>CATILINAM.</span> 
     </span>
    </p>
   </div>
   <div class='ocr_carea' id='block_1_2' title="bbox 330 434 2472 3908">
    <p class='ocr_par' dir='ltr' id='par_1_2' title="bbox 378 434 2472 1146">
     <span class='ocr_line' id='line_1_2' title="bbox 442 434 2417 516; baseline -0.003 -17"><span class='ocrx_word' id='word_1_7' title='bbox 442 457 558 516; x_wconf 86' lang='lat' dir='ltr'><strong>quo</strong></span> <span class='ocrx_word' id='word_1_8' title='bbox 584 438 759 498; x_wconf 87' lang='lat' dir='ltr'><strong>etiam</strong></span> <span class='ocrx_word' id='word_1_9' title='bbox 789 438 1038 516; x_wconf 79' lang='lat' dir='ltr'><strong>aquilam</strong></span> <span class='ocrx_word' id='word_1_10' title='bbox 1069 438 1222 497; x_wconf 92' lang='lat' dir='ltr'><strong>illam</strong></span> <span class='ocrx_word' id='word_1_11' title='bbox 1254 446 1590 514; x_wconf 82' lang='lat' dir='ltr'><strong>argenteam</strong></span> <span class='ocrx_word' id='word_1_12' title='bbox 1621 434 1819 513; x_wconf 81' lang='lat' dir='ltr'><strong>(quam</strong></span> <span class='ocrx_word' id='word_1_13' title='bbox 1848 434 1954 492; x_wconf 91' lang='lat' dir='ltr'><strong>tibi</strong></span> <span class='ocrx_word' id='word_1_14' title='bbox 1983 454 2054 493; x_wconf 90' lang='lat' dir='ltr'><strong>ac</strong></span> <span class='ocrx_word' id='word_1_15' title='bbox 2081 434 2197 493; x_wconf 89' lang='lat' dir='ltr'><strong>tuis</strong></span> <span class='ocrx_word' id='word_1_16' title='bbox 2223 435 2417 493; x_wconf 89' lang='lat' dir='ltr'><strong>omni-</strong></span> 
     </span>
     <span class='ocr_line' id='line_1_3' title="bbox 444 514 2414 595; baseline -0.002 -19"><span class='ocrx_word' id='word_1_17' title='bbox 444 519 554 576; x_wconf 87' lang='lat' dir='ltr'><strong>bus</strong></span> <span class='ocrx_word' id='word_1_18' title='bbox 581 518 967 595; x_wconf 83' lang='lat' dir='ltr'><strong>perniciosam</strong></span> <span class='ocrx_word' id='word_1_19' title='bbox 997 537 1124 576; x_wconf 86' lang='lat' dir='ltr'><strong>esse</strong></span> <span class='ocrx_word' id='word_1_20' title='bbox 1152 516 1385 575; x_wconf 83' lang='lat' dir='ltr'><strong>confido</strong></span> <span class='ocrx_word' id='word_1_21' title='bbox 1410 525 1466 573; x_wconf 83' lang='lat' dir='ltr'><strong>et</strong></span> <span class='ocrx_word' id='word_1_22' title='bbox 1498 515 1783 573; x_wconf 85' lang='lat' dir='ltr'><strong>funestam</strong></span> <span class='ocrx_word' id='word_1_23' title='bbox 1813 514 2085 586; x_wconf 85' lang='lat' dir='ltr'><strong>futuram,</strong></span> <span class='ocrx_word' id='word_1_24' title='bbox 2121 515 2220 573; x_wconf 90' lang='lat' dir='ltr'><strong>cui</strong></span> <span class='ocrx_word' id='word_1_25' title='bbox 2248 515 2414 572; x_wconf 88' lang='lat' dir='ltr'><strong>domi</strong></span> 
     </span>
     <span class='ocr_line' id='line_1_4' title="bbox 442 594 2413 673; baseline -0.003 -18"><span class='ocrx_word' id='word_1_26' title='bbox 442 607 560 655; x_wconf 81' lang='lat' dir='ltr'><strong>tuae</strong></span> <span class='ocrx_word' id='word_1_27' title='bbox 588 598 904 655; x_wconf 88' lang='lat' dir='ltr'><strong>sacrarium</strong></span> <span class='ocrx_word' id='word_1_28' title='bbox 935 597 1220 655; x_wconf 90' lang='lat' dir='ltr'><strong>scelerum</strong></span> <span class='ocrx_word' id='word_1_29' title='bbox 1248 606 1477 653; x_wconf 88' lang='lat' dir='ltr'><strong>tuorum</strong></span> <span class='ocrx_word' id='word_1_30' title='bbox 1506 594 1886 652; x_wconf 86' lang='lat' dir='ltr'><strong>constitutum</strong></span> <span class='ocrx_word' id='word_1_31' title='bbox 1913 594 2048 673; x_wconf 87' lang='lat' dir='ltr'><strong>fuit)</strong></span> <span class='ocrx_word' id='word_1_32' title='bbox 2069 594 2250 650; x_wconf 89' lang='lat' dir='ltr'><strong>sciam</strong></span> <span class='ocrx_word' id='word_1_33' title='bbox 2275 613 2413 651; x_wconf 90' lang='lat' dir='ltr'><strong>esse</strong></span> 
     </span>
     <span class='ocr_line' id='line_1_5' title="bbox 442 673 2411 753; baseline -0.002 -20"><span class='ocrx_word' id='word_1_34' title='bbox 442 675 816 753; x_wconf 81' lang='lat' dir='ltr'><strong>praemissam.</strong></span> <span class='ocrx_word' id='word_1_35' title='bbox 900 676 997 734; x_wconf 93' lang='lat' dir='ltr'><strong>Tu</strong></span> <span class='ocrx_word' id='word_1_36' title='bbox 1017 686 1080 734; x_wconf 89' lang='lat' dir='ltr'><strong>ut</strong></span> <span class='ocrx_word' id='word_1_37' title='bbox 1102 676 1200 732; x_wconf 70' lang='lat' dir='ltr'><strong>ina</strong></span> <span class='ocrx_word' id='word_1_38' title='bbox 1229 673 1449 731; x_wconf 74' lang='lat' dir='ltr'><strong>diutius</strong></span> <span class='ocrx_word' id='word_1_39' title='bbox 1467 693 1667 732; x_wconf 87' lang='lat' dir='ltr'><strong>carere</strong></span> <span class='ocrx_word' id='word_1_40' title='bbox 1695 673 1896 749; x_wconf 76' lang='lat' dir='ltr'><strong>possiS,</strong></span> <span class='ocrx_word' id='word_1_41' title='bbox 1919 692 2090 748; x_wconf 88' lang='lat' dir='ltr'><strong>quam</strong></span> <span class='ocrx_word' id='word_1_42' title='bbox 2119 674 2411 745; x_wconf 86' lang='lat' dir='ltr'><strong>venerari,</strong></span> 
     </span>
     <span class='ocr_line' id='line_1_6' title="bbox 378 752 2409 831; baseline -0.002 -17"><span class='ocrx_word' id='word_1_43' title='bbox 378 759 416 814; x_wconf 80' lang='lat'><strong>5</strong></span> <span class='ocrx_word' id='word_1_44' title='bbox 447 756 518 812; x_wconf 85' lang='lat' dir='ltr'><strong>ad</strong></span> <span class='ocrx_word' id='word_1_45' title='bbox 548 755 766 812; x_wconf 82' lang='lat' dir='ltr'><strong>caedem</strong></span> <span class='ocrx_word' id='word_1_46' title='bbox 794 755 1187 831; x_wconf 88' lang='lat' dir='ltr'><strong>proficiscens,</strong></span> <span class='ocrx_word' id='word_1_47' title='bbox 1216 753 1482 811; x_wconf 73' lang='lat' dir='ltr'><strong>solebas?</strong></span> <span class='ocrx_word' id='word_1_48' title='bbox 1511 771 1546 810; x_wconf 91' lang='lat' dir='ltr'><strong>a</strong></span> <span class='ocrx_word' id='word_1_49' title='bbox 1567 752 1735 829; x_wconf 85' lang='lat' dir='ltr'><strong>cujus</strong></span> <span class='ocrx_word' id='word_1_50' title='bbox 1757 752 2031 810; x_wconf 84' lang='lat' dir='ltr'><strong>altaribus</strong></span> <span class='ocrx_word' id='word_1_51' title='bbox 2052 771 2204 829; x_wconf 86' lang='lat' dir='ltr'><strong>saepe</strong></span> <span class='ocrx_word' id='word_1_52' title='bbox 2232 753 2409 811; x_wconf 87' lang='lat' dir='ltr'><strong>istam</strong></span> 
     </span>
     <span class='ocr_line' id='line_1_7' title="bbox 444 832 2472 910; baseline -0.003 -19"><span class='ocrx_word' id='word_1_53' title='bbox 444 834 680 909; x_wconf 82' lang='lat' dir='ltr'><strong>impiam</strong></span> <span class='ocrx_word' id='word_1_54' title='bbox 708 834 969 892; x_wconf 85' lang='lat' dir='ltr'><strong>dextram</strong></span> <span class='ocrx_word' id='word_1_55' title='bbox 998 834 1069 890; x_wconf 85' lang='lat' dir='ltr'><strong>ad</strong></span> <span class='ocrx_word' id='word_1_56' title='bbox 1100 851 1304 890; x_wconf 89' lang='lat' dir='ltr'><strong>necem</strong></span> <span class='ocrx_word' id='word_1_57' title='bbox 1331 832 1544 890; x_wconf 89' lang='lat' dir='ltr'><strong>civium</strong></span> <span class='ocrx_word' id='word_1_58' title='bbox 1568 832 1924 889; x_wconf 79' lang='lat' dir='ltr'><strong>transtulisti.</strong></span> <span class='ocrx_word' id='word_1_59' title='bbox 2381 873 2396 885; x_wconf 86' lang='lat'><strong>.</strong></span> <span class='ocrx_word' id='word_1_60' title='bbox 2457 903 2472 910; x_wconf 28' lang='grc' dir='ltr'><strong>ρ</strong></span> 
     </span>
     <span class='ocr_line' id='line_1_8' title="bbox 522 908 2411 988; baseline -0.001 -19"><span class='ocrx_word' id='word_1_61' title='bbox 522 912 602 970; x_wconf 90' lang='grc' dir='ltr'><strong>Χ.</strong></span> <span class='ocrx_word' id='word_1_62' title='bbox 644 912 768 970; x_wconf 89' lang='lat' dir='ltr'><strong>Ibis</strong></span> <span class='ocrx_word' id='word_1_63' title='bbox 795 914 1028 970; x_wconf 90' lang='lat' dir='ltr'><strong>tandem</strong></span> <span class='ocrx_word' id='word_1_64' title='bbox 1060 911 1386 988; x_wconf 90' lang='lat' dir='ltr'><strong>aliquando,</strong></span> <span class='ocrx_word' id='word_1_65' title='bbox 1415 908 1529 986; x_wconf 72' lang='lat' dir='ltr'><strong>quo</strong></span> <span class='ocrx_word' id='word_1_66' title='bbox 1556 920 1616 968; x_wconf 92' lang='lat' dir='ltr'><strong>te</strong></span> <span class='ocrx_word' id='word_1_67' title='bbox 1652 910 1997 987; x_wconf 89' lang='lat' dir='ltr'><strong>jampridem</strong></span> <span class='ocrx_word' id='word_1_68' title='bbox 2039 920 2138 968; x_wconf 90' lang='lat' dir='ltr'><strong>tua</strong></span> <span class='ocrx_word' id='word_1_69' title='bbox 2166 910 2276 967; x_wconf 86' lang='lat' dir='ltr'><strong>ista</strong></span> <span class='ocrx_word' id='word_1_70' title='bbox 2303 930 2411 968; x_wconf 90' lang='lat' dir='ltr'><strong>cu-</strong></span> 
     </span>
     <span class='ocr_line' id='line_1_9' title="bbox 441 988 2407 1067; baseline -0.001 -19"><span class='ocrx_word' id='word_1_71' title='bbox 441 991 655 1067; x_wconf 86' lang='lat' dir='ltr'><strong>piditas</strong></span> <span class='ocrx_word' id='word_1_72' title='bbox 681 992 979 1049; x_wconf 81' lang='lat' dir='ltr'><strong>effraenata</strong></span> <span class='ocrx_word' id='word_1_73' title='bbox 1005 1010 1076 1049; x_wconf 88' lang='lat' dir='ltr'><strong>ac</strong></span> <span class='ocrx_word' id='word_1_74' title='bbox 1103 991 1316 1049; x_wconf 87' lang='lat' dir='ltr'><strong>furiosa</strong></span> <span class='ocrx_word' id='word_1_75' title='bbox 1341 990 1616 1065; x_wconf 85' lang='lat' dir='ltr'><strong>rapiebat.</strong></span> <span class='ocrx_word' id='word_1_76' title='bbox 1701 988 1909 1064; x_wconf 84' lang='lat' dir='ltr'><strong>Neque</strong></span> <span class='ocrx_word' id='word_1_77' title='bbox 1937 989 2093 1046; x_wconf 90' lang='lat' dir='ltr'><strong>enim</strong></span> <span class='ocrx_word' id='word_1_78' title='bbox 2141 989 2245 1047; x_wconf 87' lang='lat' dir='ltr'><strong>tibi</strong></span> <span class='ocrx_word' id='word_1_79' title='bbox 2275 991 2407 1047; x_wconf 78' lang='lat' dir='ltr'><strong>haec</strong></span> 
     </span>
     <span class='ocr_line' id='line_1_10' title="bbox 442 1068 2403 1146; baseline 0 -20"><span class='ocrx_word' id='word_1_80' title='bbox 442 1087 536 1126; x_wconf 80' lang='lat' dir='ltr'><strong>res</strong></span> <span class='ocrx_word' id='word_1_81' title='bbox 564 1070 728 1128; x_wconf 87' lang='lat' dir='ltr'><strong>affert</strong></span> <span class='ocrx_word' id='word_1_82' title='bbox 755 1071 1027 1142; x_wconf 90' lang='lat' dir='ltr'><strong>dolorem,</strong></span> <span class='ocrx_word' id='word_1_83' title='bbox 1051 1071 1153 1127; x_wconf 87' lang='lat' dir='ltr'><strong>sed</strong></span> <span class='ocrx_word' id='word_1_84' title='bbox 1174 1070 1464 1146; x_wconf 90' lang='lat' dir='ltr'><strong>quandam</strong></span> <span class='ocrx_word' id='word_1_85' title='bbox 1488 1068 1885 1126; x_wconf 84' lang='lat' dir='ltr'><strong>incredibilem</strong></span> <span class='ocrx_word' id='word_1_86' title='bbox 1915 1068 2260 1145; x_wconf 85' lang='lat' dir='ltr'><strong>voluptatem</strong></span> <span class='ocrx_word' id='word_1_87' title='bbox 2283 1088 2296 1126; x_wconf 91' lang='lat'>:</span> <span class='ocrx_word' id='word_1_88' title='bbox 2330 1070 2403 1126; x_wconf 89' lang='lat' dir='ltr'><strong>ad</strong></span> 
     </span>
    </p>

    <p class='ocr_par' dir='ltr' id='par_1_3' title="bbox 347 1147 2408 1540">
     <span class='ocr_line' id='line_1_11' title="bbox 347 1147 2407 1224; baseline 0 -20"><span class='ocrx_word' id='word_1_89' title='bbox 347 1149 417 1205; x_wconf 85' lang='lat'><strong>10</strong></span> <span class='ocrx_word' id='word_1_90' title='bbox 445 1149 600 1207; x_wconf 90' lang='lat' dir='ltr'><strong>hanc</strong></span> <span class='ocrx_word' id='word_1_91' title='bbox 642 1159 698 1207; x_wconf 88' lang='lat' dir='ltr'><strong>te</strong></span> <span class='ocrx_word' id='word_1_92' title='bbox 729 1149 1039 1207; x_wconf 86' lang='lat' dir='ltr'><strong>amentiam</strong></span> <span class='ocrx_word' id='word_1_93' title='bbox 1068 1160 1275 1206; x_wconf 88' lang='lat' dir='ltr'><strong>natura</strong></span> <span class='ocrx_word' id='word_1_94' title='bbox 1301 1148 1544 1224; x_wconf 86' lang='lat' dir='ltr'><strong>peperit,</strong></span> <span class='ocrx_word' id='word_1_95' title='bbox 1575 1148 1839 1205; x_wconf 84' lang='lat' dir='ltr'><strong>voluntas</strong></span> <span class='ocrx_word' id='word_1_96' title='bbox 1865 1148 2142 1218; x_wconf 88' lang='lat' dir='ltr'><strong>exercuit,</strong></span> <span class='ocrx_word' id='word_1_97' title='bbox 2175 1147 2407 1205; x_wconf 88' lang='lat' dir='ltr'><strong>fortuna</strong></span> 
     </span>
     <span class='ocr_line' id='line_1_12' title="bbox 443 1224 2408 1305; baseline -0.002 -19"><span class='ocrx_word' id='word_1_98' title='bbox 443 1229 704 1286; x_wconf 83' lang='lat' dir='ltr'><strong>servavit.</strong></span> <span class='ocrx_word' id='word_1_99' title='bbox 787 1228 1105 1305; x_wconf 83' lang='lat' dir='ltr'><strong>Nunquam</strong></span> <span class='ocrx_word' id='word_1_100' title='bbox 1132 1240 1193 1285; x_wconf 91' lang='lat' dir='ltr'><strong>tu</strong></span> <span class='ocrx_word' id='word_1_101' title='bbox 1222 1246 1339 1299; x_wconf 86' lang='lat' dir='ltr'><strong>non</strong></span> <span class='ocrx_word' id='word_1_102' title='bbox 1370 1224 1539 1284; x_wconf 71' lang='lat' dir='ltr'><strong>modo</strong></span> <span class='ocrx_word' id='word_1_103' title='bbox 1568 1227 1770 1296; x_wconf 86' lang='lat' dir='ltr'><strong>otium,</strong></span> <span class='ocrx_word' id='word_1_104' title='bbox 1795 1227 1894 1283; x_wconf 88' lang='lat' dir='ltr'><strong>sed</strong></span> <span class='ocrx_word' id='word_1_105' title='bbox 1939 1245 2012 1283; x_wconf 91' lang='lat' dir='ltr'><strong>ne</strong></span> <span class='ocrx_word' id='word_1_106' title='bbox 2043 1226 2252 1284; x_wconf 87' lang='lat' dir='ltr'><strong>bellum</strong></span> <span class='ocrx_word' id='word_1_107' title='bbox 2282 1227 2408 1303; x_wconf 90' lang='lat' dir='ltr'><strong>qui-</strong></span> 
     </span>
     <span class='ocr_line' id='line_1_13' title="bbox 443 1296 2404 1382; baseline 0 -19"><span class='ocrx_word' id='word_1_108' title='bbox 443 1306 598 1379; x_wconf 84' lang='lat' dir='ltr'><strong>dem,</strong></span> <span class='ocrx_word' id='word_1_109' title='bbox 621 1303 734 1364; x_wconf 82' lang='lat' dir='ltr'><strong>nisi</strong></span> <span class='ocrx_word' id='word_1_110' title='bbox 755 1308 1063 1378; x_wconf 82' lang='lat' dir='ltr'><strong>nefarium,</strong></span> <span class='ocrx_word' id='word_1_111' title='bbox 1080 1296 1425 1382; x_wconf 79' lang='lat' dir='ltr'><strong>concu&#39;pisti.</strong></span> <span class='ocrx_word' id='word_1_112' title='bbox 1508 1305 1738 1362; x_wconf 84' lang='lat' dir='ltr'><strong>Nactus</strong></span> <span class='ocrx_word' id='word_1_113' title='bbox 1754 1325 1838 1376; x_wconf 76' lang='lat' dir='ltr'><strong>eS,</strong></span> <span class='ocrx_word' id='word_1_114' title='bbox 1860 1325 1933 1361; x_wconf 85' lang='lat' dir='ltr'><strong>ex</strong></span> <span class='ocrx_word' id='word_1_115' title='bbox 1953 1305 2211 1380; x_wconf 90' lang='lat' dir='ltr'><strong>perditis,</strong></span> <span class='ocrx_word' id='word_1_116' title='bbox 2233 1317 2404 1381; x_wconf 83' lang='lat' dir='ltr'><strong>atque</strong></span> 
     </span>
     <span class='ocr_line' id='line_1_14' title="bbox 445 1383 2408 1460; baseline 0 -19"><span class='ocrx_word' id='word_1_117' title='bbox 445 1385 519 1441; x_wconf 89' lang='lat' dir='ltr'><strong>ab</strong></span> <span class='ocrx_word' id='word_1_118' title='bbox 545 1386 706 1445; x_wconf 89' lang='lat' dir='ltr'><strong>omni</strong></span> <span class='ocrx_word' id='word_1_119' title='bbox 733 1406 849 1443; x_wconf 89' lang='lat' dir='ltr'><strong>non</strong></span> <span class='ocrx_word' id='word_1_120' title='bbox 878 1384 1050 1444; x_wconf 71' lang='lat' dir='ltr'><strong>modo</strong></span> <span class='ocrx_word' id='word_1_121' title='bbox 1079 1386 1327 1455; x_wconf 67' lang='lat' dir='ltr'><strong>fortuna,</strong></span> <span class='ocrx_word' id='word_1_122' title='bbox 1357 1383 1557 1442; x_wconf 69' lang='lat' dir='ltr'><strong>verum</strong></span> <span class='ocrx_word' id='word_1_123' title='bbox 1584 1384 1759 1442; x_wconf 90' lang='lat' dir='ltr'><strong>etiam</strong></span> <span class='ocrx_word' id='word_1_124' title='bbox 1799 1404 1900 1460; x_wconf 87' lang='lat' dir='ltr'><strong>spe</strong></span> <span class='ocrx_word' id='word_1_125' title='bbox 1928 1384 2238 1456; x_wconf 86' lang='lat' dir='ltr'><strong>derelictis,</strong></span> <span class='ocrx_word' id='word_1_126' title='bbox 2267 1405 2408 1442; x_wconf 89' lang='lat' dir='ltr'><strong>con-</strong></span> 
     </span>
     <span class='ocr_line' id='line_1_15' title="bbox 444 1462 1336 1540; baseline 0 -20"><span class='ocrx_word' id='word_1_127' title='bbox 444 1462 639 1521; x_wconf 85' lang='lat' dir='ltr'><strong>flatam</strong></span> <span class='ocrx_word' id='word_1_128' title='bbox 668 1465 1052 1540; x_wconf 88' lang='lat' dir='ltr'><strong>improborum</strong></span> <span class='ocrx_word' id='word_1_129' title='bbox 1082 1484 1336 1523; x_wconf 87' lang='lat' dir='ltr'><strong>manum.</strong></span> 
     </span>
    </p>

    <p class='ocr_par' dir='ltr' id='par_1_4' title="bbox 347 1528 2403 1934">
     <span class='ocr_line' id='line_1_16' title="bbox 347 1528 2400 1635; baseline 0.003 -41"><span class='ocrx_word' id='word_1_130' title='bbox 347 1542 418 1595; x_wconf 78' lang='lat'><strong>15</strong></span> <span class='ocrx_word' id='word_1_131' title='bbox 486 1528 646 1635; x_wconf 73' lang='lat' dir='ltr'><strong>(Hic</strong></span> <span class='ocrx_word' id='word_1_132' title='bbox 674 1553 736 1601; x_wconf 90' lang='lat' dir='ltr'><strong>tu</strong></span> <span class='ocrx_word' id='word_1_133' title='bbox 763 1545 877 1619; x_wconf 73' lang='lat' dir='ltr'><strong>quii</strong></span> <span class='ocrx_word' id='word_1_134' title='bbox 906 1543 1104 1600; x_wconf 70' lang='lat' dir='ltr'><strong>laetitia</strong></span> <span class='ocrx_word' id='word_1_135' title='bbox 1150 1541 1478 1619; x_wconf 73' lang='lat' dir='ltr'><strong>perfruere!</strong></span> <span class='ocrx_word' id='word_1_136' title='bbox 1522 1542 1735 1619; x_wconf 76' lang='lat' dir='ltr'><strong>quibus,</strong></span> <span class='ocrx_word' id='word_1_137' title='bbox 1776 1541 2005 1619; x_wconf 88' lang='lat' dir='ltr'><strong>gaudiis</strong></span> <span class='ocrx_word' id='word_1_138' title='bbox 2053 1541 2400 1601; x_wconf 84' lang='lat' dir='ltr'><strong>exsultabis!</strong></span> 
     </span>
     <span class='ocr_line' id='line_1_17' title="bbox 443 1620 2401 1698; baseline -0.001 -19"><span class='ocrx_word' id='word_1_139' title='bbox 443 1622 661 1697; x_wconf 69' lang='lat' dir='ltr'><strong>quanta</strong></span> <span class='ocrx_word' id='word_1_140' title='bbox 703 1621 762 1679; x_wconf 91' lang='lat' dir='ltr'><strong>in</strong></span> <span class='ocrx_word' id='word_1_141' title='bbox 796 1623 1078 1698; x_wconf 86' lang='lat' dir='ltr'><strong>voluptate</strong></span> <span class='ocrx_word' id='word_1_142' title='bbox 1108 1621 1503 1679; x_wconf 86' lang='lat' dir='ltr'><strong>bacchabere!</strong></span> <span class='ocrx_word' id='word_1_143' title='bbox 1548 1620 1705 1693; x_wconf 68' lang='lat' dir='ltr'><strong>cum,</strong></span> <span class='ocrx_word' id='word_1_144' title='bbox 1737 1621 1794 1677; x_wconf 90' lang='lat' dir='ltr'><strong>in</strong></span> <span class='ocrx_word' id='word_1_145' title='bbox 1825 1632 1986 1678; x_wconf 89' lang='lat' dir='ltr'><strong>tanto</strong></span> <span class='ocrx_word' id='word_1_146' title='bbox 2013 1640 2256 1678; x_wconf 89' lang='lat' dir='ltr'><strong>numero</strong></span> <span class='ocrx_word' id='word_1_147' title='bbox 2278 1634 2401 1679; x_wconf 91' lang='lat' dir='ltr'><strong>tuo-</strong></span> 
     </span>
     <span class='ocr_line' id='line_1_18' title="bbox 444 1698 2400 1776; baseline 0 -19"><span class='ocrx_word' id='word_1_148' title='bbox 444 1718 595 1771; x_wconf 86' lang='lat' dir='ltr'><strong>rum,</strong></span> <span class='ocrx_word' id='word_1_149' title='bbox 625 1720 812 1775; x_wconf 90' lang='lat' dir='ltr'><strong>neque</strong></span> <span class='ocrx_word' id='word_1_150' title='bbox 842 1701 1043 1759; x_wconf 87' lang='lat' dir='ltr'><strong>audies</strong></span> <span class='ocrx_word' id='word_1_151' title='bbox 1083 1701 1267 1760; x_wconf 88' lang='lat' dir='ltr'><strong>virum</strong></span> <span class='ocrx_word' id='word_1_152' title='bbox 1308 1698 1522 1758; x_wconf 86' lang='lat' dir='ltr'><strong>bonum</strong></span> <span class='ocrx_word' id='word_1_153' title='bbox 1564 1720 1914 1776; x_wconf 89' lang='lat' dir='ltr'><strong>quenquam,</strong></span> <span class='ocrx_word' id='word_1_154' title='bbox 1946 1719 2132 1775; x_wconf 88' lang='lat' dir='ltr'><strong>neque</strong></span> <span class='ocrx_word' id='word_1_155' title='bbox 2161 1701 2400 1757; x_wconf 83' lang='lat' dir='ltr'><strong>videbis.</strong></span> 
     </span>
     <span class='ocr_line' id='line_1_19' title="bbox 445 1778 2403 1859; baseline -0.001 -22"><span class='ocrx_word' id='word_1_156' title='bbox 445 1778 545 1837; x_wconf 81' lang='lat' dir='ltr'><strong>Ad</strong></span> <span class='ocrx_word' id='word_1_157' title='bbox 564 1779 734 1854; x_wconf 82' lang='lat' dir='ltr'><strong>hujus</strong></span> <span class='ocrx_word' id='word_1_158' title='bbox 753 1780 882 1837; x_wconf 79' lang='lat' dir='ltr'><strong>vitae</strong></span> <span class='ocrx_word' id='word_1_159' title='bbox 905 1779 1159 1845; x_wconf 84' lang='lat' dir='ltr'><strong>studium</strong></span> <span class='ocrx_word' id='word_1_160' title='bbox 1182 1778 1443 1838; x_wconf 82' lang='lat' dir='ltr'><strong>meditati</strong></span> <span class='ocrx_word' id='word_1_161' title='bbox 1461 1780 1541 1837; x_wconf 90' lang='lat' dir='ltr'><strong>illi</strong></span> <span class='ocrx_word' id='word_1_162' title='bbox 1559 1792 1693 1837; x_wconf 87' lang='lat' dir='ltr'><strong>sunt</strong></span> <span class='ocrx_word' id='word_1_163' title='bbox 1724 1779 1848 1855; x_wconf 88' lang='lat' dir='ltr'><strong>(qui</strong></span> <span class='ocrx_word' id='word_1_164' title='bbox 1873 1780 2157 1859; x_wconf 85' lang='lat' dir='ltr'><strong>feruntur)</strong></span> <span class='ocrx_word' id='word_1_165' title='bbox 2179 1780 2403 1837; x_wconf 89' lang='lat' dir='ltr'><strong>labores</strong></span> 
     </span>
     <span class='ocr_line' id='line_1_20' title="bbox 445 1855 2402 1934; baseline 0.001 -20"><span class='ocrx_word' id='word_1_166' title='bbox 445 1857 530 1916; x_wconf 87' lang='lat' dir='ltr'><strong>tui</strong></span> <span class='ocrx_word' id='word_1_167' title='bbox 547 1878 567 1929; x_wconf 88' lang='lat'>;</span> <span class='ocrx_word' id='word_1_168' title='bbox 600 1858 796 1934; x_wconf 88' lang='lat' dir='ltr'><strong>jacere</strong></span> <span class='ocrx_word' id='word_1_169' title='bbox 825 1859 1004 1930; x_wconf 89' lang='lat' dir='ltr'><strong>humi,</strong></span> <span class='ocrx_word' id='word_1_170' title='bbox 1035 1879 1150 1917; x_wconf 92' lang='lat' dir='ltr'><strong>non</strong></span> <span class='ocrx_word' id='word_1_171' title='bbox 1180 1856 1352 1916; x_wconf 72' lang='lat' dir='ltr'><strong>modo</strong></span> <span class='ocrx_word' id='word_1_172' title='bbox 1382 1860 1454 1916; x_wconf 93' lang='lat' dir='ltr'><strong>ad</strong></span> <span class='ocrx_word' id='word_1_173' title='bbox 1482 1859 1865 1916; x_wconf 89' lang='lat' dir='ltr'><strong>obsidendum</strong></span> <span class='ocrx_word' id='word_1_174' title='bbox 1895 1869 2173 1934; x_wconf 86' lang='lat' dir='ltr'><strong>stuprum,</strong></span> <span class='ocrx_word' id='word_1_175' title='bbox 2203 1855 2402 1930; x_wconf 68' lang='lat' dir='ltr'><strong>vei-,um</strong></span> 
     </span>
    </p>

    <p class='ocr_par' dir='ltr' id='par_1_5' title="bbox 340 1934 2420 2231">
     <span class='ocr_line' id='line_1_21' title="bbox 340 1934 2405 2014; baseline 0 -21"><span class='ocrx_word' id='word_1_176' title='bbox 340 1940 419 2004; x_wconf 72' lang='grc'><strong>20</strong></span> <span class='ocrx_word' id='word_1_177' title='bbox 448 1936 624 1994; x_wconf 90' lang='lat' dir='ltr'><strong>etiam</strong></span> <span class='ocrx_word' id='word_1_178' title='bbox 655 1938 728 1994; x_wconf 89' lang='lat' dir='ltr'><strong>ad</strong></span> <span class='ocrx_word' id='word_1_179' title='bbox 772 1937 999 1996; x_wconf 89' lang='lat' dir='ltr'><strong>facinus</strong></span> <span class='ocrx_word' id='word_1_180' title='bbox 1038 1939 1408 2008; x_wconf 65' lang='lat' dir='ltr'><strong>obeundum</strong></span> <span class='ocrx_word' id='word_1_181' title='bbox 1449 1934 1706 2014; x_wconf 55' lang='lat' dir='ltr'><strong>rigilare,</strong></span> <span class='ocrx_word' id='word_1_182' title='bbox 1737 1957 1852 1995; x_wconf 91' lang='lat' dir='ltr'><strong>non</strong></span> <span class='ocrx_word' id='word_1_183' title='bbox 1895 1934 2081 1995; x_wconf 72' lang='lat' dir='ltr'><strong>solum</strong></span> <span class='ocrx_word' id='word_1_184' title='bbox 2128 1937 2197 1994; x_wconf 91' lang='lat' dir='ltr'><strong>ad</strong></span> <span class='ocrx_word' id='word_1_185' title='bbox 2229 1935 2405 1994; x_wconf 70' lang='lat' dir='ltr'><strong>insid-</strong></span> 
     </span>
     <span class='ocr_line' id='line_1_22' title="bbox 451 2015 2398 2088; baseline 0.001 -17"><span class='ocrx_word' id='word_1_186' title='bbox 451 2015 681 2073; x_wconf 89' lang='lat' dir='ltr'><strong>iandum</strong></span> <span class='ocrx_word' id='word_1_187' title='bbox 732 2035 932 2075; x_wconf 90' lang='lat' dir='ltr'><strong>somno</strong></span> <span class='ocrx_word' id='word_1_188' title='bbox 975 2017 1327 2088; x_wconf 85' lang='lat' dir='ltr'><strong>maritorum,</strong></span> <span class='ocrx_word' id='word_1_189' title='bbox 1371 2015 1569 2074; x_wconf 72' lang='lat' dir='ltr'><strong>verum</strong></span> <span class='ocrx_word' id='word_1_190' title='bbox 1623 2016 1798 2074; x_wconf 89' lang='lat' dir='ltr'><strong>etiam</strong></span> <span class='ocrx_word' id='word_1_191' title='bbox 1853 2016 2018 2074; x_wconf 92' lang='lat' dir='ltr'><strong>bonis</strong></span> <span class='ocrx_word' id='word_1_192' title='bbox 2058 2016 2398 2073; x_wconf 86' lang='lat' dir='ltr'><strong>occisorum.</strong></span> 
     </span>
     <span class='ocr_line' id='line_1_23' title="bbox 446 2088 2420 2231; baseline 0.001 -80"><span class='ocrx_word' id='word_1_193' title='bbox 446 2092 668 2231; x_wconf 42' lang='lat' dir='ltr'><strong>{labos</strong></span> <span class='ocrx_word' id='word_1_194' title='bbox 697 2096 796 2153; x_wconf 91' lang='lat' dir='ltr'><strong>ubi</strong></span> <span class='ocrx_word' id='word_1_195' title='bbox 825 2108 1079 2157; x_wconf 85' lang='lat' dir='ltr'><strong>ostentes</strong></span> <span class='ocrx_word' id='word_1_196' title='bbox 1108 2096 1264 2154; x_wconf 88' lang='lat' dir='ltr'><strong>illam</strong></span> <span class='ocrx_word' id='word_1_197' title='bbox 1291 2094 1629 2173; x_wconf 53' lang='lat' dir='ltr'><strong>praeclaram</strong></span> <span class='ocrx_word' id='word_1_198' title='bbox 1663 2106 1822 2153; x_wconf 90' lang='lat' dir='ltr'><strong>tuam</strong></span> <span class='ocrx_word' id='word_1_199' title='bbox 1849 2096 2191 2171; x_wconf 83' lang='lat' dir='ltr'><strong>patientiam·</strong></span> <span class='ocrx_word' id='word_1_200' title='bbox 2216 2088 2420 2181; x_wconf 68' lang='lat' dir='ltr'><strong>famis,&#39;</strong></span> 
     </span>
    </p>

    <p class='ocr_par' dir='ltr' id='par_1_6' title="bbox 396 2174 2402 2330">
     <span class='ocr_line' id='line_1_24' title="bbox 504 2174 2402 2252; baseline 0.001 -21"><span class='ocrx_word' id='word_1_201' title='bbox 504 2174 697 2250; x_wconf 78' lang='lat' dir='ltr'><strong>igoriS,</strong></span> <span class='ocrx_word' id='word_1_202' title='bbox 748 2174 954 2252; x_wconf 87' lang='lat' dir='ltr'><strong>inopiae</strong></span> <span class='ocrx_word' id='word_1_203' title='bbox 995 2195 1186 2234; x_wconf 89' lang='lat' dir='ltr'><strong>rerum</strong></span> <span class='ocrx_word' id='word_1_204' title='bbox 1228 2196 1264 2233; x_wconf 93' lang='lat' dir='ltr'><strong>o</strong></span> <span class='ocrx_word' id='word_1_205' title='bbox 1325 2175 1487 2233; x_wconf 91' lang='lat' dir='ltr'><strong>nium</strong></span> <span class='ocrx_word' id='word_1_206' title='bbox 1511 2196 1526 2245; x_wconf 90' lang='lat'>;</span> <span class='ocrx_word' id='word_1_207' title='bbox 1555 2176 1794 2251; x_wconf 84' lang='lat' dir='ltr'><strong>.quibus</strong></span> <span class='ocrx_word' id='word_1_208' title='bbox 1843 2186 1898 2231; x_wconf 92' lang='lat' dir='ltr'><strong>te</strong></span> <span class='ocrx_word' id='word_1_209' title='bbox 1943 2174 2100 2232; x_wconf 85' lang='lat' dir='ltr'><strong>brevi</strong></span> <span class='ocrx_word' id='word_1_210' title='bbox 2149 2184 2402 2250; x_wconf 76' lang='lat' dir='ltr'><strong>tempore</strong></span> 
     </span>
     <span class='ocr_line' id='line_1_25' title="bbox 396 2251 2402 2330; baseline 0 -20"><span class='ocrx_word' id='word_1_211' title='bbox 396 2290 401 2293; x_wconf 21' lang='lat' dir='ltr'><strong>n</strong></span> <span class='ocrx_word' id='word_1_212' title='bbox 449 2253 780 2313; x_wconf 77' lang='lat' dir='ltr'><strong>consectum</strong></span> <span class='ocrx_word' id='word_1_213' title='bbox 808 2257 935 2313; x_wconf 80' lang='lat' dir='ltr'><strong>e&#39;sse</strong></span> <span class='ocrx_word' id='word_1_214' title='bbox 964 2257 1193 2313; x_wconf 76' lang='lat' dir='ltr'><strong>sentieS.</strong></span> <span class='ocrx_word' id='word_1_215' title='bbox 1342 2266 1540 2312; x_wconf 89' lang='lat' dir='ltr'><strong>antum</strong></span> <span class='ocrx_word' id='word_1_216' title='bbox 1557 2254 1775 2330; x_wconf 84' lang='lat' dir='ltr'><strong>profeci</strong></span> <span class='ocrx_word' id='word_1_217' title='bbox 1798 2264 1941 2324; x_wconf 89' lang='lat' dir='ltr'><strong>tum,</strong></span> <span class='ocrx_word' id='word_1_218' title='bbox 1967 2251 2100 2311; x_wconf 71' lang='lat' dir='ltr'><strong>curn</strong></span> <span class='ocrx_word' id='word_1_219' title='bbox 2125 2263 2182 2310; x_wconf 87' lang='lat' dir='ltr'><strong>te</strong></span> <span class='ocrx_word' id='word_1_220' title='bbox 2212 2273 2245 2310; x_wconf 90' lang='lat' dir='ltr'><strong>a</strong></span> <span class='ocrx_word' id='word_1_221' title='bbox 2268 2270 2402 2311; x_wconf 87' lang='lat' dir='ltr'><strong>con-</strong></span> 
     </span>
    </p>

    <p class='ocr_par' dir='ltr' id='par_1_7' title="bbox 344 2330 2400 2565">
     <span class='ocr_line' id='line_1_26' title="bbox 344 2330 2400 2409; baseline 0.001 -21"><span class='ocrx_word' id='word_1_222' title='bbox 344 2330 418 2388; x_wconf 72' lang='lat'><strong>25</strong></span> <span class='ocrx_word' id='word_1_223' title='bbox 448 2332 636 2403; x_wconf 87' lang='lat' dir='ltr'><strong>sulatu</strong></span> <span class='ocrx_word' id='word_1_224' title='bbox 665 2332 867 2409; x_wconf 87' lang='lat' dir='ltr'><strong>repuli,</strong></span> <span class='ocrx_word' id='word_1_225' title='bbox 900 2345 963 2392; x_wconf 93' lang='lat' dir='ltr'><strong>ut</strong></span> <span class='ocrx_word' id='word_1_226' title='bbox 1002 2334 1163 2391; x_wconf 83' lang='lat' dir='ltr'><strong>exsul</strong></span> <span class='ocrx_word' id='word_1_227' title='bbox 1192 2332 1383 2409; x_wconf 68' lang='lat' dir='ltr'><strong>potius</strong></span> <span class='ocrx_word' id='word_1_228' title='bbox 1431 2344 1673 2406; x_wconf 89' lang='lat' dir='ltr'><strong>tentare,</strong></span> <span class='ocrx_word' id='word_1_229' title='bbox 1703 2331 1874 2408; x_wconf 68' lang='lat' dir='ltr'><strong>quam</strong></span> <span class='ocrx_word' id='word_1_230' title='bbox 1926 2333 2123 2390; x_wconf 89' lang='lat' dir='ltr'><strong>consul</strong></span> <span class='ocrx_word' id='word_1_231' title='bbox 2176 2350 2400 2404; x_wconf 85' lang='lat' dir='ltr'><strong>vexare,</strong></span> 
     </span>
     <span class='ocr_line' id='line_1_27' title="bbox 447 2410 2399 2488; baseline 0.001 -22"><span class='ocrx_word' id='word_1_232' title='bbox 447 2412 862 2486; x_wconf 76' lang='lat' dir='ltr'><strong>rempublicam</strong></span> <span class='ocrx_word' id='word_1_233' title='bbox 890 2432 1121 2488; x_wconf 82' lang='lat' dir='ltr'><strong>posses3</strong></span> <span class='ocrx_word' id='word_1_234' title='bbox 1167 2424 1333 2486; x_wconf 85' lang='lat' dir='ltr'><strong>atque</strong></span> <span class='ocrx_word' id='word_1_235' title='bbox 1379 2427 1442 2468; x_wconf 87' lang='lat' dir='ltr'><strong>ut</strong></span> <span class='ocrx_word' id='word_1_236' title='bbox 1486 2412 1564 2482; x_wconf 93' lang='lat' dir='ltr'><strong>id,</strong></span> <span class='ocrx_word' id='word_1_237' title='bbox 1593 2413 1744 2488; x_wconf 90' lang='lat' dir='ltr'><strong>quod</strong></span> <span class='ocrx_word' id='word_1_238' title='bbox 1774 2423 1925 2469; x_wconf 90' lang='lat' dir='ltr'><strong>esset</strong></span> <span class='ocrx_word' id='word_1_239' title='bbox 1953 2431 1988 2469; x_wconf 92' lang='lat' dir='ltr'><strong>a</strong></span> <span class='ocrx_word' id='word_1_240' title='bbox 2029 2422 2087 2469; x_wconf 88' lang='lat' dir='ltr'><strong>te</strong></span> <span class='ocrx_word' id='word_1_241' title='bbox 2118 2410 2399 2469; x_wconf 74' lang='lat' dir='ltr'><strong>scelerate</strong></span> 
     </span>
     <span class='ocr_line' id='line_1_28' title="bbox 448 2488 2294 2565; baseline 0.002 -20"><span class='ocrx_word' id='word_1_242' title='bbox 448 2500 805 2565; x_wconf 79' lang='lat' dir='ltr'><strong>susceptum,</strong></span> <span class='ocrx_word' id='word_1_243' title='bbox 830 2489 1196 2550; x_wconf 85' lang='lat' dir='ltr'><strong>latrocinium</strong></span> <span class='ocrx_word' id='word_1_244' title='bbox 1225 2488 1417 2565; x_wconf 68' lang='lat' dir='ltr'><strong>potins</strong></span> <span class='ocrx_word' id='word_1_245' title='bbox 1442 2488 1614 2565; x_wconf 67' lang='lat' dir='ltr'><strong>quam</strong></span> <span class='ocrx_word' id='word_1_246' title='bbox 1645 2490 1858 2548; x_wconf 89' lang='lat' dir='ltr'><strong>bellum</strong></span> <span class='ocrx_word' id='word_1_247' title='bbox 1887 2490 2294 2548; x_wconf 86' lang='lat' dir='ltr'><strong>nominaretur.</strong></span> 
     </span>
    </p>

    <p class='ocr_par' dir='ltr' id='par_1_8' title="bbox 528 2566 2401 2646">
     <span class='ocr_line' id='line_1_29' title="bbox 528 2566 2401 2646; baseline 0.001 -21"><span class='ocrx_word' id='word_1_248' title='bbox 528 2566 639 2625; x_wconf 89' lang='lat' dir='ltr'><strong>XI.</strong></span> <span class='ocrx_word' id='word_1_249' title='bbox 702 2567 901 2639; x_wconf 88' lang='lat' dir='ltr'><strong>Nunc,</strong></span> <span class='ocrx_word' id='word_1_250' title='bbox 933 2578 996 2626; x_wconf 88' lang='lat' dir='ltr'><strong>ut</strong></span> <span class='ocrx_word' id='word_1_251' title='bbox 1037 2588 1070 2625; x_wconf 88' lang='lat' dir='ltr'><strong>a</strong></span> <span class='ocrx_word' id='word_1_252' title='bbox 1110 2587 1223 2640; x_wconf 85' lang='lat' dir='ltr'><strong>me,</strong></span> <span class='ocrx_word' id='word_1_253' title='bbox 1254 2568 1454 2626; x_wconf 88' lang='lat' dir='ltr'><strong>Patres</strong></span> <span class='ocrx_word' id='word_1_254' title='bbox 1494 2569 1845 2645; x_wconf 87' lang='lat' dir='ltr'><strong>Conscripti,</strong></span> <span class='ocrx_word' id='word_1_255' title='bbox 1894 2571 2183 2646; x_wconf 84' lang='lat' dir='ltr'><strong>quandam</strong></span> <span class='ocrx_word' id='word_1_256' title='bbox 2229 2588 2401 2645; x_wconf 86' lang='lat' dir='ltr'><strong>prope</strong></span> 
     </span>
    </p>

    <p class='ocr_par' dir='ltr' id='par_1_9' title="bbox 414 2645 2401 2725">
     <span class='ocr_line' id='line_1_30' title="bbox 414 2645 2401 2725; baseline 0.001 -22"><span class='ocrx_word' id='word_1_257' title='bbox 414 2678 419 2685; x_wconf 88' lang='lat'><em>·</em></span> <span class='ocrx_word' id='word_1_258' title='bbox 466 2645 669 2709; x_wconf 77' lang='lat' dir='ltr'><strong>&#39;ustam</strong></span> <span class='ocrx_word' id='word_1_259' title='bbox 700 2648 898 2722; x_wconf 83' lang='lat' dir='ltr'><strong>patriae</strong></span> <span class='ocrx_word' id='word_1_260' title='bbox 927 2648 1343 2722; x_wconf 88' lang='lat' dir='ltr'><strong>querimoniam</strong></span> <span class='ocrx_word' id='word_1_261' title='bbox 1373 2649 1620 2706; x_wconf 86' lang='lat' dir='ltr'><strong>detester</strong></span> <span class='ocrx_word' id='word_1_262' title='bbox 1663 2668 1733 2705; x_wconf 91' lang='lat' dir='ltr'><strong>ac</strong></span> <span class='ocrx_word' id='word_1_263' title='bbox 1774 2649 2082 2725; x_wconf 90' lang='lat' dir='ltr'><strong>deprecer;</strong></span> <span class='ocrx_word' id='word_1_264' title='bbox 2125 2650 2401 2724; x_wconf 84' lang='lat' dir='ltr'><strong>percipite</strong></span> 
     </span>
    </p>

    <p class='ocr_par' dir='ltr' id='par_1_10' title="bbox 344 2664 2414 3119">
     <span class='ocr_line' id='line_1_31' title="bbox 344 2664 2402 2804; baseline 0 -21"><span class='ocrx_word' id='word_1_265' title='bbox 344 2739 419 2794; x_wconf 73' lang='lat'><strong>30</strong></span> <span class='ocrx_word' id='word_1_266' title='bbox 451 2664 698 2804; x_wconf 48' lang='lat' dir='ltr'><strong>aquaeso)</strong></span> <span class='ocrx_word' id='word_1_267' title='bbox 730 2726 1055 2802; x_wconf 86' lang='lat' dir='ltr'><strong>diligenter,</strong></span> <span class='ocrx_word' id='word_1_268' title='bbox 1084 2746 1209 2802; x_wconf 88' lang='lat' dir='ltr'><strong>quae</strong></span> <span class='ocrx_word' id='word_1_269' title='bbox 1239 2727 1431 2784; x_wconf 88' lang='lat' dir='ltr'><strong>dicam</strong></span> <span class='ocrx_word' id='word_1_270' title='bbox 1456 2747 1470 2797; x_wconf 90' lang='lat'>;</span> <span class='ocrx_word' id='word_1_271' title='bbox 1513 2740 1571 2785; x_wconf 94' lang='lat' dir='ltr'><strong>et</strong></span> <span class='ocrx_word' id='word_1_272' title='bbox 1599 2746 1669 2784; x_wconf 91' lang='lat' dir='ltr'><strong>ea</strong></span> <span class='ocrx_word' id='word_1_273' title='bbox 1695 2728 1925 2803; x_wconf 84' lang='lat' dir='ltr'><strong>penitus</strong></span> <span class='ocrx_word' id='word_1_274' title='bbox 1968 2727 2175 2785; x_wconf 89' lang='lat' dir='ltr'><strong>animis</strong></span> <span class='ocrx_word' id='word_1_275' title='bbox 2203 2728 2402 2784; x_wconf 86' lang='lat' dir='ltr'><strong>vestris</strong></span> 
     </span>
     <span class='ocr_line' id='line_1_32' title="bbox 448 2806 2414 2882; baseline 0.003 -21"><span class='ocrx_word' id='word_1_276' title='bbox 448 2806 851 2880; x_wconf 86' lang='lat' dir='ltr'><strong>mentibusque</strong></span> <span class='ocrx_word' id='word_1_277' title='bbox 883 2807 1168 2863; x_wconf 86' lang='lat' dir='ltr'><strong>mandate.</strong></span> <span class='ocrx_word' id='word_1_278' title='bbox 1253 2806 1508 2875; x_wconf 87' lang='lat' dir='ltr'><strong>Etenim,</strong></span> <span class='ocrx_word' id='word_1_279' title='bbox 1538 2807 1588 2863; x_wconf 87' lang='lat' dir='ltr'><strong>si</strong></span> <span class='ocrx_word' id='word_1_280' title='bbox 1616 2826 1845 2863; x_wconf 92' lang='lat' dir='ltr'><strong>mecum</strong></span> <span class='ocrx_word' id='word_1_281' title='bbox 1873 2807 2077 2882; x_wconf 87' lang='lat' dir='ltr'><strong>patria,</strong></span> <span class='ocrx_word' id='word_1_282' title='bbox 2106 2825 2232 2881; x_wconf 86' lang='lat' dir='ltr'><strong>quae</strong></span> <span class='ocrx_word' id='word_1_283' title='bbox 2261 2806 2414 2867; x_wconf 65' lang='lat' dir='ltr'><strong>mihi</strong></span> 
     </span>
     <span class='ocr_line' id='line_1_33' title="bbox 450 2881 2403 2961; baseline 0.001 -21"><span class='ocrx_word' id='word_1_284' title='bbox 450 2882 563 2941; x_wconf 69' lang='lat' dir='ltr'><strong>vita</strong></span> <span class='ocrx_word' id='word_1_285' title='bbox 594 2881 730 2941; x_wconf 61' lang='lat' dir='ltr'><strong>mea</strong></span> <span class='ocrx_word' id='word_1_286' title='bbox 752 2883 931 2941; x_wconf 74' lang='lat' dir='ltr'><strong>multo</strong></span> <span class='ocrx_word' id='word_1_287' title='bbox 961 2895 1046 2942; x_wconf 88' lang='lat' dir='ltr'><strong>est</strong></span> <span class='ocrx_word' id='word_1_288' title='bbox 1076 2884 1279 2957; x_wconf 84' lang='lat' dir='ltr'><strong>carior,</strong></span> <span class='ocrx_word' id='word_1_289' title='bbox 1309 2885 1359 2942; x_wconf 89' lang='lat' dir='ltr'><strong>si</strong></span> <span class='ocrx_word' id='word_1_290' title='bbox 1387 2896 1602 2943; x_wconf 90' lang='lat' dir='ltr'><strong>cuncta</strong></span> <span class='ocrx_word' id='word_1_291' title='bbox 1631 2884 1820 2958; x_wconf 89' lang='lat' dir='ltr'><strong>Italia,</strong></span> <span class='ocrx_word' id='word_1_292' title='bbox 1840 2886 1888 2946; x_wconf 86' lang='lat' dir='ltr'><strong>si</strong></span> <span class='ocrx_word' id='word_1_293' title='bbox 1915 2885 2101 2943; x_wconf 86' lang='lat' dir='ltr'><strong>omnis</strong></span> <span class='ocrx_word' id='word_1_294' title='bbox 2130 2885 2403 2961; x_wconf 74' lang='lat' dir='ltr'><strong>respubli-</strong></span> 
     </span>
     <span class='ocr_line' id='line_1_34' title="bbox 448 2963 2400 3045; baseline 0.001 -26"><span class='ocrx_word' id='word_1_295' title='bbox 448 2981 520 3019; x_wconf 84' lang='lat' dir='ltr'><strong>ca</strong></span> <span class='ocrx_word' id='word_1_296' title='bbox 560 2964 855 3038; x_wconf 79' lang='lat' dir='ltr'><strong>loquatur:</strong></span> <span class='ocrx_word' id='word_1_297' title='bbox 900 2969 937 2995; x_wconf 79' lang='lat'><strong>‘⁶</strong></span> <span class='ocrx_word' id='word_1_298' title='bbox 961 2963 1043 3019; x_wconf 89' lang='lat' dir='ltr'><strong>M.</strong></span> <span class='ocrx_word' id='word_1_299' title='bbox 1078 2963 1259 3035; x_wconf 88' lang='lat' dir='ltr'><strong>Tulli,</strong></span> <span class='ocrx_word' id='word_1_300' title='bbox 1288 2964 1425 3040; x_wconf 90' lang='lat' dir='ltr'><strong>quid</strong></span> <span class='ocrx_word' id='word_1_301' title='bbox 1457 2966 1621 3042; x_wconf 68' lang='lat' dir='ltr'><strong>agis?</strong></span> <span class='ocrx_word' id='word_1_302' title='bbox 1663 2975 1803 3022; x_wconf 90' lang='lat' dir='ltr'><strong>tune</strong></span> <span class='ocrx_word' id='word_1_303' title='bbox 1852 2983 2008 3045; x_wconf 78' lang='lat' dir='ltr'><strong>eum,</strong></span> <span class='ocrx_word' id='word_1_304' title='bbox 2053 2984 2221 3038; x_wconf 91' lang='lat' dir='ltr'><strong>quem</strong></span> <span class='ocrx_word' id='word_1_305' title='bbox 2274 2983 2400 3022; x_wconf 82' lang='lat' dir='ltr'><strong>esse</strong></span> 
     </span>
     <span class='ocr_line' id='line_1_35' title="bbox 446 3040 2398 3119; baseline 0.001 -22"><span class='ocrx_word' id='word_1_306' title='bbox 446 3040 667 3109; x_wconf 82' lang='lat' dir='ltr'><strong>hostem</strong></span> <span class='ocrx_word' id='word_1_307' title='bbox 698 3042 1046 3117; x_wconf 87' lang='lat' dir='ltr'><strong>comperisti,</strong></span> <span class='ocrx_word' id='word_1_308' title='bbox 1076 3062 1246 3118; x_wconf 89' lang='lat' dir='ltr'><strong>quem</strong></span> <span class='ocrx_word' id='word_1_309' title='bbox 1275 3044 1486 3101; x_wconf 91' lang='lat' dir='ltr'><strong>ducem</strong></span> <span class='ocrx_word' id='word_1_310' title='bbox 1518 3044 1652 3101; x_wconf 89' lang='lat' dir='ltr'><strong>belli</strong></span> <span class='ocrx_word' id='word_1_311' title='bbox 1700 3044 1955 3101; x_wconf 87' lang='lat' dir='ltr'><strong>futurum</strong></span> <span class='ocrx_word' id='word_1_312' title='bbox 2005 3044 2187 3114; x_wconf 77' lang='lat' dir='ltr'><strong>videS‚</strong></span> <span class='ocrx_word' id='word_1_313' title='bbox 2229 3063 2398 3119; x_wconf 91' lang='lat' dir='ltr'><strong>quem</strong></span> 
     </span>
    </p>

    <p class='ocr_par' dir='ltr' id='par_1_11' title="bbox 345 3120 2422 3355">
     <span class='ocr_line' id='line_1_36' title="bbox 345 3120 2399 3196; baseline 0.001 -20"><span class='ocrx_word' id='word_1_314' title='bbox 345 3128 416 3185; x_wconf 79' lang='grc'><strong>35</strong></span> <span class='ocrx_word' id='word_1_315' title='bbox 447 3120 768 3196; x_wconf 81' lang='lat' dir='ltr'><strong>exspectari</strong></span> <span class='ocrx_word' id='word_1_316' title='bbox 795 3121 1195 3195; x_wconf 83' lang='lat' dir='ltr'><strong>imperatorem</strong></span> <span class='ocrx_word' id='word_1_317' title='bbox 1243 3121 1302 3178; x_wconf 91' lang='lat' dir='ltr'><strong>in</strong></span> <span class='ocrx_word' id='word_1_318' title='bbox 1349 3122 1551 3181; x_wconf 85' lang='lat' dir='ltr'><strong>castris</strong></span> <span class='ocrx_word' id='word_1_319' title='bbox 1580 3123 1830 3179; x_wconf 88' lang='lat' dir='ltr'><strong>hostium</strong></span> <span class='ocrx_word' id='word_1_320' title='bbox 1873 3123 2074 3193; x_wconf 76' lang='lat' dir='ltr'><strong>sentiS‚</strong></span> <span class='ocrx_word' id='word_1_321' title='bbox 2107 3126 2399 3179; x_wconf 86' lang='lat' dir='ltr'><strong>auctorem</strong></span> 
     </span>
     <span class='ocr_line' id='line_1_37' title="bbox 446 3198 2422 3276; baseline 0.001 -21"><span class='ocrx_word' id='word_1_322' title='bbox 446 3200 701 3271; x_wconf 84' lang='lat' dir='ltr'><strong>sceleris,</strong></span> <span class='ocrx_word' id='word_1_323' title='bbox 723 3198 1043 3275; x_wconf 82' lang='lat' dir='ltr'><strong>principem</strong></span> <span class='ocrx_word' id='word_1_324' title='bbox 1074 3200 1506 3276; x_wconf 75' lang='lat' dir='ltr'><strong>conjurationiS,</strong></span> <span class='ocrx_word' id='word_1_325' title='bbox 1536 3211 1894 3258; x_wconf 89' lang='lat' dir='ltr'><strong>evocatorem</strong></span> <span class='ocrx_word' id='word_1_326' title='bbox 1928 3221 2220 3258; x_wconf 85' lang='lat' dir='ltr'><strong>servorum</strong></span> <span class='ocrx_word' id='word_1_327' title='bbox 2248 3212 2306 3258; x_wconf 93' lang='lat' dir='ltr'><strong>et</strong></span> <span class='ocrx_word' id='word_1_328' title='bbox 2324 3200 2422 3257; x_wconf 77' lang='lat' dir='ltr'><strong>ci-&#39;</strong></span> 
     </span>
     <span class='ocr_line' id='line_1_38' title="bbox 447 3276 2400 3355; baseline 0.001 -21"><span class='ocrx_word' id='word_1_329' title='bbox 447 3277 601 3337; x_wconf 87' lang='lat' dir='ltr'><strong>vium</strong></span> <span class='ocrx_word' id='word_1_330' title='bbox 621 3276 991 3353; x_wconf 86' lang='lat' dir='ltr'><strong>perditorum,</strong></span> <span class='ocrx_word' id='word_1_331' title='bbox 1010 3280 1167 3336; x_wconf 84' lang='lat' dir='ltr'><strong>exire</strong></span> <span class='ocrx_word' id='word_1_332' title='bbox 1185 3279 1442 3355; x_wconf 70' lang='lat' dir='ltr'><strong>patieris,</strong></span> <span class='ocrx_word' id='word_1_333' title='bbox 1463 3290 1527 3337; x_wconf 91' lang='lat' dir='ltr'><strong>ut</strong></span> <span class='ocrx_word' id='word_1_334' title='bbox 1546 3280 1646 3337; x_wconf 91' lang='lat' dir='ltr'><strong>abs</strong></span> <span class='ocrx_word' id='word_1_335' title='bbox 1669 3292 1724 3336; x_wconf 91' lang='lat' dir='ltr'><strong>te</strong></span> <span class='ocrx_word' id='word_1_336' title='bbox 1738 3299 1853 3337; x_wconf 91' lang='lat' dir='ltr'><strong>non</strong></span> <span class='ocrx_word' id='word_1_337' title='bbox 1872 3281 2115 3337; x_wconf 85' lang='lat' dir='ltr'><strong>emissus</strong></span> <span class='ocrx_word' id='word_1_338' title='bbox 2138 3300 2210 3336; x_wconf 86' lang='lat' dir='ltr'><strong>ex</strong></span> <span class='ocrx_word' id='word_1_339' title='bbox 2225 3280 2400 3350; x_wconf 90' lang='lat' dir='ltr'><strong>Urbe,</strong></span> 
     </span>
    </p>

    <p class='ocr_par' dir='ltr' id='par_1_12' title="bbox 330 3356 2401 3429">
     <span class='ocr_line' id='line_1_39' title="bbox 330 3356 2401 3429; baseline -0.001 -12"><span class='ocrx_word' id='word_1_340' title='bbox 330 3386 347 3395; x_wconf 50' lang='grc' dir='ltr'><strong><em>ν</em></strong></span> <span class='ocrx_word' id='word_1_341' title='bbox 445 3357 547 3417; x_wconf 79' lang='lat' dir='ltr'><strong>sed</strong></span> <span class='ocrx_word' id='word_1_342' title='bbox 579 3356 867 3415; x_wconf 83' lang='lat' dir='ltr'><strong>immissus</strong></span> <span class='ocrx_word' id='word_1_343' title='bbox 890 3357 949 3413; x_wconf 88' lang='lat' dir='ltr'><strong>in</strong></span> <span class='ocrx_word' id='word_1_344' title='bbox 979 3357 1214 3429; x_wconf 90' lang='lat' dir='ltr'><strong>Urbem,</strong></span> <span class='ocrx_word' id='word_1_345' title='bbox 1244 3378 1371 3416; x_wconf 89' lang='lat' dir='ltr'><strong>esse</strong></span> <span class='ocrx_word' id='word_1_346' title='bbox 1394 3359 1700 3417; x_wconf 84' lang='lat' dir='ltr'><strong>videatur&#39;l</strong></span> <span class='ocrx_word' id='word_1_347' title='bbox 1782 3358 1997 3416; x_wconf 88' lang='lat' dir='ltr'><strong>Nonne</strong></span> <span class='ocrx_word' id='word_1_348' title='bbox 2022 3361 2179 3416; x_wconf 91' lang='lat' dir='ltr'><strong>hunc</strong></span> <span class='ocrx_word' id='word_1_349' title='bbox 2200 3359 2259 3416; x_wconf 90' lang='lat' dir='ltr'><strong>in</strong></span> <span class='ocrx_word' id='word_1_350' title='bbox 2283 3359 2401 3425; x_wconf 60' lang='lat' dir='ltr'><strong>rin-</strong></span> 
     </span>
    </p>

    <p class='ocr_par' dir='ltr' id='par_1_13' title="bbox 360 3435 2460 3514">
     <span class='ocr_line' id='line_1_40' title="bbox 360 3435 2460 3514; baseline -0.001 -17"><span class='ocrx_word' id='word_1_351' title='bbox 360 3493 365 3497; x_wconf 77' lang='lat'><strong>.</strong></span> <span class='ocrx_word' id='word_1_352' title='bbox 448 3436 582 3493; x_wconf 83' lang='lat' dir='ltr'><strong>cula</strong></span> <span class='ocrx_word' id='word_1_353' title='bbox 608 3435 765 3507; x_wconf 86' lang='lat' dir='ltr'><strong>duci,</strong></span> <span class='ocrx_word' id='word_1_354' title='bbox 795 3455 909 3492; x_wconf 91' lang='lat' dir='ltr'><strong>non</strong></span> <span class='ocrx_word' id='word_1_355' title='bbox 935 3437 1004 3493; x_wconf 87' lang='lat' dir='ltr'><strong>ad</strong></span> <span class='ocrx_word' id='word_1_356' title='bbox 1030 3448 1267 3494; x_wconf 89' lang='lat' dir='ltr'><strong>mortem</strong></span> <span class='ocrx_word' id='word_1_357' title='bbox 1286 3439 1431 3514; x_wconf 87' lang='lat' dir='ltr'><strong>rapi,</strong></span> <span class='ocrx_word' id='word_1_358' title='bbox 1450 3457 1565 3496; x_wconf 91' lang='lat' dir='ltr'><strong>non</strong></span> <span class='ocrx_word' id='word_1_359' title='bbox 1595 3456 1818 3495; x_wconf 88' lang='lat' dir='ltr'><strong>summo</strong></span> <span class='ocrx_word' id='word_1_360' title='bbox 1840 3437 2122 3513; x_wconf 84' lang='lat' dir='ltr'><strong>supplicio</strong></span> <span class='ocrx_word' id='word_1_361' title='bbox 2142 3437 2398 3507; x_wconf 76' lang='lat' dir='ltr'><strong>mactari,</strong></span> <span class='ocrx_word' id='word_1_362' title='bbox 2455 3456 2460 3459; x_wconf 84' lang='lat'>·</span> 
     </span>
    </p>

    <p class='ocr_par' dir='ltr' id='par_1_14' title="bbox 346 3514 2454 3908">
     <span class='ocr_line' id='line_1_41' title="bbox 346 3514 2401 3593; baseline 0 -21"><span class='ocrx_word' id='word_1_363' title='bbox 346 3523 416 3578; x_wconf 78' lang='grc'><strong>40</strong></span> <span class='ocrx_word' id='word_1_364' title='bbox 448 3514 794 3590; x_wconf 70' lang='lat' dir='ltr'><strong>imperabis?</strong></span> <span class='ocrx_word' id='word_1_365' title='bbox 875 3514 1038 3576; x_wconf 75' lang='lat' dir='ltr'><strong>Quid</strong></span> <span class='ocrx_word' id='word_1_366' title='bbox 1069 3516 1301 3573; x_wconf 87' lang='lat' dir='ltr'><strong>tandem</strong></span> <span class='ocrx_word' id='word_1_367' title='bbox 1333 3518 1573 3593; x_wconf 90' lang='lat' dir='ltr'><strong>impedit</strong></span> <span class='ocrx_word' id='word_1_368' title='bbox 1601 3517 1698 3574; x_wconf 81' lang='lat' dir='ltr'><strong>te&#39;l</strong></span> <span class='ocrx_word' id='word_1_369' title='bbox 1742 3536 1940 3574; x_wconf 88' lang='lat' dir='ltr'><strong>mosne</strong></span> <span class='ocrx_word' id='word_1_370' title='bbox 1983 3517 2303 3592; x_wconf 75' lang='lat' dir='ltr'><strong>majorum?</strong></span> <span class='ocrx_word' id='word_1_371' title='bbox 2346 3527 2401 3572; x_wconf 80' lang='lat' dir='ltr'><strong>at</strong></span> 
     </span>
     <span class='ocr_line' id='line_1_42' title="bbox 444 3594 2402 3672; baseline 0.001 -22"><span class='ocrx_word' id='word_1_372' title='bbox 444 3613 700 3670; x_wconf 82' lang='lat' dir='ltr'><strong>persaepe</strong></span> <span class='ocrx_word' id='word_1_373' title='bbox 728 3594 903 3653; x_wconf 89' lang='lat' dir='ltr'><strong>etiam</strong></span> <span class='ocrx_word' id='word_1_374' title='bbox 932 3594 1136 3670; x_wconf 88' lang='lat' dir='ltr'><strong>privati</strong></span> <span class='ocrx_word' id='word_1_375' title='bbox 1165 3595 1224 3651; x_wconf 92' lang='lat' dir='ltr'><strong>in</strong></span> <span class='ocrx_word' id='word_1_376' title='bbox 1247 3596 1361 3653; x_wconf 89' lang='lat' dir='ltr'><strong>hac</strong></span> <span class='ocrx_word' id='word_1_377' title='bbox 1378 3596 1677 3672; x_wconf 64' lang='lat' dir='ltr'><strong>republica</strong></span> <span class='ocrx_word' id='word_1_378' title='bbox 1694 3594 2052 3670; x_wconf 88' lang='lat' dir='ltr'><strong>perniciosos</strong></span> <span class='ocrx_word' id='word_1_379' title='bbox 2077 3596 2232 3654; x_wconf 89' lang='lat' dir='ltr'><strong>cives</strong></span> <span class='ocrx_word' id='word_1_380' title='bbox 2258 3616 2402 3652; x_wconf 86' lang='lat' dir='ltr'><strong>mor-</strong></span> 
     </span>
     <span class='ocr_line' id='line_1_43' title="bbox 446 3673 2454 3750; baseline -0 -20"><span class='ocrx_word' id='word_1_381' title='bbox 446 3683 503 3730; x_wconf 89' lang='lat' dir='ltr'><strong>te</strong></span> <span class='ocrx_word' id='word_1_382' title='bbox 522 3673 839 3730; x_wconf 72' lang='lat' dir='ltr'><strong>multaelrunt</strong></span> <span class='ocrx_word' id='word_1_383' title='bbox 863 3693 876 3730; x_wconf 91' lang='lat'><strong>:</strong></span> <span class='ocrx_word' id='word_1_384' title='bbox 922 3691 996 3730; x_wconf 82' lang='lat' dir='ltr'><strong>an</strong></span> <span class='ocrx_word' id='word_1_385' title='bbox 1019 3674 1196 3750; x_wconf 79' lang='lat' dir='ltr'><strong>legeS,</strong></span> <span class='ocrx_word' id='word_1_386' title='bbox 1219 3695 1346 3748; x_wconf 81' lang='lat' dir='ltr'><strong>quae</strong></span> <span class='ocrx_word' id='word_1_387' title='bbox 1368 3675 1441 3731; x_wconf 90' lang='lat' dir='ltr'><strong>de</strong></span> <span class='ocrx_word' id='word_1_388' title='bbox 1460 3674 1672 3731; x_wconf 85' lang='lat' dir='ltr'><strong>civium</strong></span> <span class='ocrx_word' id='word_1_389' title='bbox 1692 3674 2091 3732; x_wconf 85' lang='lat' dir='ltr'><strong>Romanorum</strong></span> <span class='ocrx_word' id='word_1_390' title='bbox 2122 3674 2401 3750; x_wconf 83' lang='lat' dir='ltr'><strong>supplicio</strong></span> <span class='ocrx_word' id='word_1_391' title='bbox 2431 3708 2454 3729; x_wconf 84' lang='grc'><strong>.</strong></span> 
     </span>
     <span class='ocr_line' id='line_1_44' title="bbox 444 3750 2402 3829; baseline 0.001 -21"><span class='ocrx_word' id='word_1_392' title='bbox 444 3762 658 3826; x_wconf 80' lang='lat' dir='ltr'><strong>rogatae</strong></span> <span class='ocrx_word' id='word_1_393' title='bbox 685 3753 865 3808; x_wconf 66' lang='lat' dir='ltr'><strong>sunt?</strong></span> <span class='ocrx_word' id='word_1_394' title='bbox 910 3762 969 3808; x_wconf 87' lang='lat' dir='ltr'><strong>at</strong></span> <span class='ocrx_word' id='word_1_395' title='bbox 995 3770 1290 3826; x_wconf 89' lang='lat' dir='ltr'><strong>nunquam</strong></span> <span class='ocrx_word' id='word_1_396' title='bbox 1319 3752 1380 3808; x_wconf 87' lang='lat' dir='ltr'><strong>in</strong></span> <span class='ocrx_word' id='word_1_397' title='bbox 1409 3753 1520 3808; x_wconf 84' lang='lat' dir='ltr'><strong>hac</strong></span> <span class='ocrx_word' id='word_1_398' title='bbox 1543 3753 1684 3808; x_wconf 89' lang='lat' dir='ltr'><strong>urbe</strong></span> <span class='ocrx_word' id='word_1_399' title='bbox 1714 3750 1773 3821; x_wconf 87' lang='lat' dir='ltr'><strong>ii,</strong></span> <span class='ocrx_word' id='word_1_400' title='bbox 1803 3752 1900 3827; x_wconf 92' lang='lat' dir='ltr'><strong>qui</strong></span> <span class='ocrx_word' id='word_1_401' title='bbox 1922 3772 1955 3809; x_wconf 84' lang='lat' dir='ltr'><strong>a</strong></span> <span class='ocrx_word' id='word_1_402' title='bbox 1982 3754 2278 3829; x_wconf 65' lang='lat' dir='ltr'><strong>republica</strong></span> <span class='ocrx_word' id='word_1_403' title='bbox 2307 3755 2402 3809; x_wconf 86' lang='lat' dir='ltr'><strong>de-</strong></span> 
     </span>
     <span class='ocr_line' id='line_1_45' title="bbox 448 3828 2400 3908; baseline 0.002 -23"><span class='ocrx_word' id='word_1_404' title='bbox 448 3828 729 3899; x_wconf 82' lang='lat' dir='ltr'><strong>fecerunt,</strong></span> <span class='ocrx_word' id='word_1_405' title='bbox 773 3829 985 3887; x_wconf 85' lang='lat' dir='ltr'><strong>civium</strong></span> <span class='ocrx_word' id='word_1_406' title='bbox 1010 3830 1142 3906; x_wconf 86' lang='lat' dir='ltr'><strong>jura</strong></span> <span class='ocrx_word' id='word_1_407' title='bbox 1182 3840 1508 3887; x_wconf 88' lang='lat' dir='ltr'><strong>tenuerunt.</strong></span> <span class='ocrx_word' id='word_1_408' title='bbox 1594 3829 1693 3886; x_wconf 91' lang='lat' dir='ltr'><strong>An</strong></span> <span class='ocrx_word' id='word_1_409' title='bbox 1739 3828 2013 3889; x_wconf 89' lang='lat' dir='ltr'><strong>invidiam</strong></span> <span class='ocrx_word' id='word_1_410' title='bbox 2055 3830 2400 3908; x_wconf 82' lang='lat' dir='ltr'><strong>posteritatis</strong></span> 
     </span>
    </p>
   </div>
  </div>
 </body>
</html>
