2667 4242
361 302 479 364 150
927 302 1202 354 ORATIO
1245 300 1325 354 111
1363 303 1440 354 M.
1473 302 1879 356 An'romw.

534 444 593 503 Ο
658 446 956 505 raeclaram
998 445 1155 505 illam
1195 447 1690 525 percursationem
1715 458 1876 506 tuam
1905 467 2106 507 mense
2148 448 2345 525 Aprili
2377 456 2442 507 at

454 546 567 602 qne
694 526 802 598 aio,
856 536 1000 597 tum,
1055 525 1193 586 ctam
1266 528 1445 585 etiam
1488 528 1754 604 Capuam
1803 528 2093 586 coloniam
2154 529 2465 586 deducere

458 617 702 663 conatus
741 605 838 663 es!
919 605 1436 667 Quemadmodum
1479 606 1642 664 illinc
1686 607 1916 679 abieris,
1946 607 2030 665 vel
2065 604 2256 683 potius
2294 604 2462 683 pene

456 703 572 742 non
604 684 831 754 abieris,
860 684 1093 742 scimus.
1176 686 1292 743 Cui
1320 696 1383 743 tu
1412 685 1541 743 urbi
1573 685 1874 744 minitaris.
1943 685 2183 746 Utinam
2212 704 2441 744 conere

384 767 427 819 5
457 774 519 823 ut
546 764 855 839 aliquando
893 762 1033 820 illud
1061 771 1099 798 “
1124 763 1323 822 Penei-'¹
1353 766 1584 823 tollatur
1608 766 1622 823 l

420 868 425 873 ·
536 843 620 899 At
644 841 817 918 quam
847 843 1150 901 nobilitata
1189 856 1279 909 est
1304 856 1408 902 tua
1453 844 1553 902 illa
1578 842 1978 921 pereginatio!
2059 841 2232 905 Quid
2278 861 2464 919 pran-

453 921 679 979 diorum
723 932 1050 997 apparatus,
1093 922 1231 998 quid
1283 923 1558 981 furiosam
1608 922 1989 980 vinolentiam
2034 932 2221 993 tuam,
2261 921 2437 997 prose

453 1001 622 1057 ram‘l
705 999 844 1058 Tua
871 1001 981 1058 ista
1008 1001 1355 1061 detrimenta
1382 1012 1554 1060 sunt:
1597 1001 1698 1059 illa
1725 1013 1937 1059 nostra.
2022 1002 2254 1078 Agrum
2278 1000 2465 1058 Cam·

452 1096 690 1154 panum,
735 1078 861 1156 (qui
902 1077 1040 1137 cum
1082 1082 1156 1138 de
1199 1081 1580 1159 vectigalibus
1634 1080 2017 1152 eximebatur,
2061 1090 2125 1138 ut
2169 1080 2463 1138 militibus

357 1156 426 1210 10
455 1157 707 1228 daretur,
737 1170 931 1216 tamen
962 1158 1145 1236 infligi
1170 1179 1445 1237 magnum
1473 1159 1807 1236 reipublicae
1836 1159 2045 1218 vulnus
2070 1160 2461 1238 putabamus)

455 1236 615 1294 hunc
641 1247 705 1294 tu
733 1239 1236 1314 compransoribus
1262 1239 1378 1296 tuis
1416 1249 1476 1296 et
1515 1238 1896 1298 collusoribus
1935 1238 2256 1296 dividebas.
2345 1237 2466 1296 Mi-

456 1334 581 1374 mos
608 1317 745 1374 dico
768 1327 829 1374 et
856 1317 1081 1390 mimas,
1114 1317 1314 1376 Patres
1344 1317 1698 1393 Conscripti‚
1727 1316 1787 1373 in
1818 1336 1957 1394 agro
1984 1317 2295 1393 Campano
2341 1316 2465 1374 col·

454 1394 692 1454 locatos.
773 1394 939 1458 Quid
990 1396 1111 1473 jam
1165 1415 1373 1472 querar
1424 1397 1499 1454 de
1541 1410 1682 1472 agro
1722 1395 2050 1454 Leontino?
2092 1396 2466 1472 quandoqui-

456 1475 590 1532 dem
621 1476 711 1533 hae
750 1476 1041 1551 quondam
1086 1476 1374 1533 arationes
1414 1475 1702 1552 Campani
1742 1485 1801 1533 et
1843 1475 2116 1532 Leontini
2159 1475 2228 1543 ‚in
2256 1475 2464 1550 populi

357 1548 427 1603 15
457 1553 715 1612 Romani
752 1555 1097 1631 patrimonio
1128 1552 1363 1632 [grandi
1393 1554 1639 1636 foenore]
1670 1562 1729 1611 et
1762 1553 2070 1612 fructuosae
2098 1553 2462 1627 serebantur.

457 1631 696 1692 Me‘dico
724 1634 834 1691 tria
861 1634 1041 1692 millia
1075 1633 1368 1710 jugerum,
1396 1635 1560 1709 quasi
1589 1643 1647 1692 te
1673 1651 1882 1691 sanum
1910 1633 2178 1703 fecisset3
2239 1632 2463 1690 rhetori

455 1713 592 1784 duo,
620 1713 784 1789 quasi
825 1714 1105 1771 disertum
1147 1713 1342 1771 facere
1380 1713 1680 1791 potuisset.
1766 1713 1885 1770 Sed
1929 1712 2001 1770 ad
2045 1712 2153 1771 iter
2198 1711 2465 1771 Italiam-

455 1811 569 1867 que
599 1793 923 1850 redeamus,

536 1870 667 1929 XL.
752 1871 1060 1930 Deduxisti
1102 1871 1393 1931 coloniam
1421 1870 1768 1941 Casilinum,
1796 1868 1914 1947 quo
1942 1871 2141 1930 Caesar
2186 1869 2329 1928 ante
2360 1871 2461 1928 de-

352 1952 427 2008 20
456 1949 715 2007 duxerat.
799 1950 1159 2009 Consuluisti
1216 1970 1308 2009 me
1349 1970 1453 2029 per
1493 1951 1690 2009 literas
1729 1951 1803 2008 de
1844 1950 2053 2027 Capua
2094 1959 2157 2007 tu
2199 1951 2463 2027 quidem,

457 2026 589 2104 (sed
632 2029 786 2087 idem
840 2030 913 2086 de
954 2029 1217 2088 Casilino
1258 2030 1710 2109 respondissem)
1754 2048 2051 2107 possesne,
2081 2029 2183 2088 ubi
2228 2028 2465 2088 colonia

454 2118 627 2178 esset,
669 2107 741 2166 eo
785 2108 1073 2166 coloniam
1116 2128 1324 2168 novam
1362 2108 1492 2186 jure
1531 2110 1843 2168 deducere.
1927 2107 2177 2186 Negavi,
2222 2109 2284 2167 in
2327 2124 2462 2166 eam

455 2188 764 2257 coloniam,
792 2207 921 2263 quae
948 2199 1103 2246 esset
1130 2186 1431 2265 auspicato
1461 2188 1734 2260 deducta,
1763 2189 1902 2246 dum
1932 2198 2087 2247 esset
2114 2187 2457 2260 incolumis,

460 2267 746 2324 coloniam
790 2286 995 2324 novam
1034 2267 1163 2344 jure
1204 2269 1453 2326 deduci:
1494 2268 1732 2326 colonos
1771 2284 1950 2326 novos
1991 2267 2248 2324 adscribi
2289 2284 2461 2342 posse

352 2342 426 2399 25
461 2345 747 2421 rescripsi.
858 2345 958 2404 Tu
1003 2357 1215 2419 autem,
1259 2346 1570 2404 insolentia·
1606 2347 1812 2417 elatus„
1855 2346 2016 2404 omni
2059 2345 2458 2422 auspiciorum

455 2422 585 2499 jure
624 2425 872 2494 turbato,
902 2425 1225 2483 Casilinum
1269 2425 1558 2483 coloniam
1601 2425 1913 2496 deduxisti,
1941 2423 2057 2501 quo
2084 2437 2212 2484 erat
2251 2425 2461 2502 paucis

462 2503 631 2560 annis
661 2502 796 2561 ante
825 2503 1099 2576 deducta,
1129 2515 1193 2563 ut
1220 2505 1491 2562 vexillum
1532 2505 1782 2577 tolleres,
1810 2515 1871 2563 et
1908 2515 2159 2565 aratrum
2204 2505 2462 2563 circumq

461 2581 742 2641 duceres:
798 2582 967 2658 cujus
1020 2586 1252 2659 quidem
1295 2603 1524 2642 vomere
1565 2598 1787 2661 portam
1842 2584 2061 2660 Capuae
2113 2583 2271 2660 pene
2332 2603 2460 2661 per·

460 2662 761 2734 strinxisti,
792 2673 856 2719 ut
883 2662 1139 2721 florentis
1165 2664 1407 2722 coloniae
1437 2663 1783 2722 territorium
1815 2663 2186 2721 minueretur.

352 2734 426 2790 ω
541 2741 639 2799 Ab
667 2742 780 2799 hac
808 2741 1151 2818 religionum
1194 2742 1645 2819 perturbatione,
1675 2741 1993 2802 advolasin
2038 2741 2121 2800 M.
2155 2741 2458 2813 Varronis,

460 2820 812 2878 sanctissimi
843 2831 1013 2896 atque
1042 2821 1398 2898 integerrimi
1427 2823 1553 2894 viri,
1574 2822 1814 2880 fundum
1840 2821 2227 2880 Cassinatem.
2310 2820 2460 2882 Quo

455 2898 627 2974 jurei
668 2918 782 2975 quo
820 2901 962 2957 ore'l
1045 2899 1289 2971 Eodem,
1333 2901 1579 2976 inquies,
1609 2920 1723 2977 quo
1767 2901 1829 2958 in
1872 2902 2168 2958 haeredum
2218 2899 2287 2957 L.
2332 2899 2462 2956 Ru-

463 2978 591 3049 brii,
619 2998 733 3054 quo
761 2978 819 3036 in
851 2980 1143 3037 hairedum
1175 2979 1241 3037 L.
1272 2979 1528 3049 Turselii
1570 2980 1805 3055 praedia,
1835 2998 1947 3055 quo
1977 2979 2035 3036 in
2079 2979 2332 3055 reliquas
2375 2978 2462 3035 in·

460 3058 851 3115 numerabiles
903 3061 1314 3134 possessiones.
1402 3058 1477 3114 Et
1529 3059 1579 3114 si
1636 3059 1710 3115 ab
1765 3059 1950 3129 hasta,
2005 3058 2195 3115 valeat
2249 3058 2457 3127 hasta3

352 3126 426 3184 ὅ
461 3137 691 3195 valeant
747 3138 979 3209 tabulae,
1022 3137 1195 3196 modo
1237 3137 1508 3206 Caesaris,
1552 3156 1668 3195 non
1710 3147 1860 3207 tuae;
1928 3137 2142 3212 quibus
2180 3136 2457 3207 debuisti,

461 3236 578 3273 non
622 3217 832 3291 quibus
872 3227 935 3275 tu
979 3230 1034 3276 te
1075 3217 1408 3276 liberavisti.
1491 3216 1771 3273 Varronis
1812 3216 2043 3291 quidem
2087 3215 2458 3274 Cassinatem

462 3295 706 3352 fundum
748 3296 875 3370 quis
917 3296 1166 3354 veniisse
1207 3296 1396 3354 dioitt
1462 3296 1591 3370 quis
1627 3295 1855 3352 hastam
1901 3295 2065 3352 istius
2105 3294 2461 3352 venditionis

461 3374 644 3433 vidit?
685 3374 813 3448 quis
841 3391 1040 3430 vocem
1072 3376 1355 3450 praeconis
1384 3376 1645 3433 audivit?
1733 3373 1965 3431 Misisse
2002 3385 2059 3431 te
2100 3373 2252 3453 dicis
2281 3375 2462 3432 Alex·

465 3453 748 3523 andriam,
802 3451 900 3527 qui
955 3463 1174 3510 emeret
1229 3470 1263 3509 a
1316 3454 1566 3511 Caesare.
1652 3452 1851 3529 Ipsum
1906 3453 2061 3510 enim
2116 3464 2461 3528 exspectare

354 3521 427 3574 ⁴⁰
466 3550 740 3608 magnum
784 3531 908 3589 fuit.
990 3531 1147 3594 Quis
1203 3530 1339 3590 vero
1396 3534 1612 3590 audivit
1651 3551 1929 3607 unquam,
1974 3530 2219 3608 (nullius
2263 3543 2462 3590 antem

462 3612 620 3668 salus
663 3629 818 3667 curoe
857 3611 1118 3686 pluribus
1173 3612 1308 3689 fuit)
1354 3613 1426 3668 de
1470 3611 1711 3668 fortunis
1765 3611 2045 3668 Varronis
2100 3630 2224 3667 rem
2280 3612 2462 3669 ullam

461 3708 590 3745 esse
619 3690 980 3746 detractam?
1060 3690 1244 3751 Quod
1275 3692 1324 3746 si
1352 3691 1526 3747 etiam
1555 3690 1784 3765 scripsit
1814 3691 1883 3746 ad
1914 3699 1971 3746 te
1995 3689 2215 3758 Caesar,
2240 3701 2306 3746 ut
2333 3691 2464 3747 red-

464 3766 668 3833 deres;
710 3767 847 3838 quid
878 3767 1017 3824 satis
1044 3779 1231 3843 potest
1259 3767 1378 3824 dici
1406 3767 1480 3822 de
1510 3769 1673 3823 tanta
1702 3768 2106 3842 impudentia?
2191 3768 2462 3827 Remove

462 3840 686 3913 gladios
713 3860 1019 3918 parumper
1049 3845 1192 3931 illos,
1233 3863 1379 3919 quos
1406 3843 1697 3919 videmus:
1736 3845 1857 3938 jam
1916 3844 2230 3923 intelligeS‚
2286 3846 2465 3906 aliam
