2667 4242
764 264 1036 316 ORATIO
1083 265 1104 317 1
1167 266 1244 316 IN
1295 267 1356 317 L.
1391 267 1815 319 CATILINAM.
1929 292 1936 295 ·
2287 275 2368 335 15

313 408 522 466 times?
561 409 895 485 praeclaram
924 407 1057 479 vero
1100 411 1309 486 populo
1350 410 1619 470 Romano
1659 412 1835 470 refers
1873 413 2139 490 gratiam,
2165 413 2265 489 qui

310 497 390 557 te,
410 488 701 544 hominem
717 507 818 563 per
841 499 898 545 te
919 489 1237 567 cognitum,
1250 490 1418 565 ‚nulla
1438 491 1937 553 commendatione
1959 491 2266 567 majorum,

311 574 431 622 tam
460 564 680 624 mature
712 568 783 623 ad
812 586 1098 624 summum
1129 568 1429 643 imperium
1452 588 1552 644 per
1578 587 1780 626 omnes
1827 571 2107 627 honorum
2136 588 2264 647 gra·

304 644 422 700 dus
446 645 670 715 extulit,
700 645 768 717 si,
798 655 1026 721 propter
1055 645 1327 705 invidiam
1359 657 1458 703 aut
1481 646 1724 723 alicujus
1749 647 1994 723 periculi
2022 657 2260 719 metum,

309 723 553 780 salutem
583 724 795 781 civium
825 734 1052 781 tuorum
1095 724 1359 800 negligis
1444 725 1581 796 Sed,
1626 726 1675 782 si
1721 725 1851 800 quis
1896 735 1985 783 est
2027 724 2261 783 invidiae
2323 731 2362 787 5

310 814 521 865 metus,
554 821 691 859 num
735 812 822 858 est
862 800 1260 860 vehementius
1304 803 1624 861 severitatis
1673 822 1742 861 ac
1785 803 2137 861 fortitudinis
2177 803 2264 862 in·-

310 879 485 951 vidia,
515 879 686 955 quam
716 880 935 941 inertiae
966 899 1035 938 ac
1063 881 1352 956 nequitiae,
1381 881 1888 957 pertimescenda?
1969 882 2089 953 An,
2117 879 2259 939 cum

312 958 464 1015 bello
491 959 800 1016 vastabitur
830 957 1019 1028 Italia,
1043 959 1401 1017 vexabuntur
1418 959 1608 1030 urbeS,
1624 969 1790 1030 ⁴tecta
1818 960 2120 1031 ardebunt,
2137 969 2262 1018 tum

310 1047 372 1094 te
401 1056 517 1093 non
545 1034 838 1093 existimas
868 1036 1095 1094 invidiae
1125 1037 1397 1096 incendio
1425 1036 1909 1115 conflagratumm
1931 1038 2002 1096 'l''

394 1114 541 1171 XII.
586 1115 699 1172 His
725 1134 834 1191 ego
877 1114 1275 1185 sanctissimis,
1299 1115 1632 1191 rei-publicai
1679 1116 1936 1188 vocibus,
1977 1125 2037 1174 et
2062 1133 2261 1174 eorum
2290 1117 2364 1172 10

312 1193 635 1263 hominum,
664 1193 761 1268 qui
805 1192 958 1250 idem
1000 1192 1275 1264 sentiunt,
1303 1193 1614 1264 mentibus,
1654 1213 1843 1269 pauca
1881 1194 2257 1270 respondebo.

311 1270 462 1347 Ego,
476 1270 526 1329 si
554 1272 664 1328 hoc
691 1271 968 1346 optimum
989 1270 1143 1328 factu
1166 1271 1514 1347 judicarem,
1536 1271 1734 1329 Patres
1755 1272 2103 1347 Conscripti,
2125 1272 2263 1329 Cat-

311 1349 512 1406 ilinam
540 1360 721 1427 morte
750 1349 1016 1425 multari;
1060 1350 1241 1407 un'ius
1261 1369 1493 1407 usuram
1534 1351 1689 1408 horae
1727 1350 2030 1428 gladiatori
2066 1349 2160 1407 isti
2188 1350 2261 1407 ad

309 1427 616 1497 vivendum
646 1447 761 1485 non
789 1428 1093 1486 dedissem.
1177 1427 1430 1499 Etenim,
1458 1428 1507 1485 si
1544 1430 1753 1486 summi
1781 1428 1904 1500 viri,
1932 1438 1991 1486 et
2017 1427 2264 1487 clarissi-

310 1506 392 1563 mi
421 1507 594 1573 civ'es‚
620 1506 938 1577 Saturnini,
967 1517 1024 1563 et
1045 1507 1465 1578 Gracchorum,
1493 1517 1551 1563 et
1579 1506 1802 1579 Flacci,
1820 1518 1879 1564 et
1905 1505 2261 1583 superiorum
2293 1503 2364 1558 15

312 1585 691 1660 complurium
720 1585 1022 1661 sanguine,
1052 1604 1165 1642 non
1196 1582 1367 1642 modo
1396 1604 1458 1642 se
1486 1604 1601 1642 non
1641 1585 2129 1655 contaminarunt,
2158 1579 2263 1643 sed
2375 1601 2533 1618 -····

312 1664 488 1720 etiam
516 1664 924 1733 honestarunt3
969 1663 1127 1720 certe
1157 1648 1298 1720 m'ihi
1328 1664 1642 1720 verendum
1681 1683 1797 1721 non
1825 1675 1968 1734 erat,
1997 1681 2072 1719 ne
2099 1662 2260 1738 quid,

313 1743 423 1799 hoc
450 1743 737 1817 parricida
766 1742 980 1799 civium
1003 1741 1323 1812 interfecte,
1354 1741 1582 1798 invidiae
1614 1742 1754 1799 mihi
1781 1742 1840 1799 in
1868 1740 2260 1818 posteritatem

314 1820 675 1879 redundaret.
755 1819 938 1882 Quod
968 1821 1017 1877 si
1056 1839 1126 1877 ea
1167 1820 1307 1879 mihi
1336 1817 1587 1879 maxime
1631 1818 2021 1896 impenderet3
2065 1831 2261 1878 tamen

314 1899 424 1957 hoe
455 1900 645 1955 animo
685 1919 911 1974 semper
954 1898 1054 1968 fui,
1084 1910 1148 1956 ut
1175 1897 1453 1956 invidiam
1493 1898 1699 1956 virtute
1725 1897 1969 1976 p’artam,
1996 1897 2259 1976 gloriam,
2287 1902 2362 1965 20

315 1996 431 2034 non
454 1977 753 2047 invidiam,
784 1989 1060 2053 putarem.

295 2071 321 2095 ‘
341 2054 370 2115 ἰ
391 2055 744 2131 Quanquam
777 2054 1040 2113 nonnulli
1057 2065 1192 2112 sunt
1214 2056 1271 2112 in
1295 2057 1407 2113 hoc
1427 2055 1651 2127 ordine,
1671 2057 1770 2132 qui
1793 2067 1892 2119 aut
1907 2076 1997 2129 ea,
2012 2076 2140 2132 quae
2158 2056 2264 2114 im-

302 2132 556 2203 hinem,
587 2154 703 2191 non
732 2134 999 2200 videant3
1041 2143 1139 2189 aut
1185 2152 1275 2204 ea,
1302 2153 1430 2207 quae
1475 2135 1690 2206 vident,
1719 2136 2118 2205 dissimulent3
2159 2134 2259 2210 qui

317 2231 478 2286 spem
495 2211 763 2268 Catilinae
783 2211 1046 2286 mollibus
1063 2211 1364 2269 sententiis
1387 2212 1670 2284 aluerunt,
1694 2213 2260 2289 coniurationemque

317 2301 676 2360 nascentem,
696 2309 809 2346 non
834 2289 1140 2356 credendo,
1161 2291 1683 2348 corroboraverunt.
1751 2291 2021 2352 Quorum
2040 2300 2262 2349 auctor·
2287 2286 2360 2345 ὥ

318 2368 516 2424 itatem
544 2368 727 2425 secuti
758 2368 940 2438 multi,
969 2387 1083 2425 non
1112 2367 1299 2425 solum
1348 2368 1606 2444 improbi,
1636 2367 1835 2429 verum
1880 2369 2056 2427 etiam
2085 2368 2261 2445 impe-
2375 2374 2380 2379 '

315 2446 430 2517 riti,
461 2447 511 2502 si
539 2447 597 2503 in
629 2447 784 2504 hunc
814 2447 1358 2518 animadvertissem,
1390 2447 1717 2515 crudeliter,
1747 2458 1806 2505 et
1828 2447 1992 2524 'regie
2042 2448 2259 2505 factum

313 2544 443 2582 esse
465 2525 741 2600 dicerent.
824 2524 884 2582 N
890 2544 1002 2582 unc
1031 2525 1305 2601 intelligo,
1334 2525 1382 2582 si
1413 2526 1537 2596 iste,
1565 2523 1679 2602 quo
1701 2522 1973 2598 intendit,
2001 2526 2061 2584 in
2090 2526 2259 2584 Man-

313 2603 469 2660 liana
509 2614 698 2661 castra
724 2604 1065 2680 pervenerit,
1097 2605 1387 2661 neminem
1416 2616 1531 2661 tam
1554 2604 1791 2662 stultum
1820 2605 1958 2676 fore,
2001 2606 2099 2682 qui
2140 2624 2257 2662 non

313 2682 504 2739 videat
532 2682 989 2758 conjurationem
1015 2702 1142 2740 esse
1172 2683 1404 2753 factam,
1435 2683 1723 2740 neminem
1767 2694 1887 2740 tam
1915 2682 2255 2761 improbum,
2286 2674 2358 2732 30

311 2761 408 2836 qui
439 2781 553 2818 non
585 2762 846 2819 fateatur.
932 2761 1064 2818 Hoc
1095 2772 1287 2819 autem
1315 2780 1433 2818 uno
1461 2761 1784 2833 interfect0‚
1815 2762 2073 2839 intelligo
2102 2762 2257 2819 hane

312 2836 644 2915 reipublicae
671 2850 890 2915 pestem
920 2840 1206 2916 paulisper
1231 2841 1485 2915 reprimi,
1511 2859 1629 2913 non
1655 2841 1713 2898 in
1735 2851 2076 2917 perpetuum
2104 2858 2258 2898 com·

312 2918 500 2993 primi,
530 2938 710 2994 posse.
792 2916 973 2978 Quod
1004 2917 1051 2974 si
1077 2936 1138 2974 se
1167 2917 1423 2992 ejecerit,
1453 2936 1765 2996 secumque
1814 2938 1945 2976 suos
1972 2918 2255 2988 eduxerit,

312 3008 370 3053 et
398 2995 869 3073 eodemcaeteros
897 2996 1149 3068 undique
1177 2996 1453 3053 collectos
1479 2997 1785 3073 naufragos
1823 2997 2217 3074 aggregaverit
2240 3014 2255 3064 3

311 3075 709 3151 exstinguetur
740 3084 906 3149 atque
929 3073 1231 3145 delebitur,
1251 3093 1372 3132 non
1401 3072 1571 3132 modo
1615 3075 1740 3132 haec
1767 3086 1885 3131 tam
1929 3075 2125 3143 adulta
2150 3074 2257 3130 rei·
2286 3076 2360 3130 35

311 3154 556 3230 publicae
580 3154 774 3233 pestis,
792 3152 989 3209 verum
1006 3153 1180 3210 etiam
1197 3154 1369 3230 stirps
1383 3173 1452 3211 ac
1465 3171 1661 3210 semen
1685 3153 1963 3209 malorum
1981 3151 2255 3208 omnium.

391 3230 570 3289 XIII.
652 3231 886 3288 Etenim
920 3232 1163 3308 jamdiu,
1186 3231 1388 3289 Patres
1411 3230 1760 3306 Conscripti,
1781 3230 1840 3287 in
1872 3230 1963 3287 his
1987 3228 2258 3304 periculis

313 3309 725 3385 conjurationis
755 3310 1089 3385 insidiisque
1135 3327 1458 3368 versamur:
1500 3309 1622 3379 sed,
1672 3309 1871 3365 nescio
1913 3325 2025 3382 quo
2067 3318 2254 3380 pacto,

311 3389 571 3462 omnium
598 3389 877 3445 scelerum
909 3408 983 3444 ac
1006 3389 1213 3444 veteris
1242 3386 1445 3444 furoris
1470 3398 1529 3444 et
1558 3387 1815 3443 audaciae
1867 3384 2167 3440 maturitas
2197 3384 2256 3441 in

315 3466 493 3523 nostri
524 3468 852 3524 consulatus
879 3476 1104 3541 tempus
1125 3466 1327 3540 erupit.
1409 3463 1591 3526 Quod
1615 3465 1663 3520 si
1685 3484 1757 3523 ex
1773 3473 1933 3528 tanto
1959 3462 2259 3520 latrocinio
2289 3463 2357 3519 40
2435 3534 2442 3543 ι

315 3545 423 3601 iste
466 3564 630 3613 unus,
655 3546 913 3615 tolletur3
972 3545 1291 3600 videbimur
1341 3542 1576 3600 fortasse
1623 3544 1693 3598 ad
1759 3542 1929 3596 breve
1970 3541 2257 3614 quoddam

315 3635 538 3700 tempus
568 3623 708 3681 cura
737 3634 795 3680 et
837 3634 993 3680 metu
1020 3642 1145 3678 esse
1175 3622 1440 3676 relevati:
1485 3619 1804 3695 periculum
1835 3627 2027 3674 autem
2047 3619 2261 3676 reside·

246 3696 277 3715 ‘
316 3702 417 3770 bit,
446 3714 503 3759 et
530 3704 638 3759 erit
668 3702 955 3758 inclusum
985 3699 1216 3775 penitus
1245 3699 1302 3755 in
1335 3698 1494 3754 venis
1524 3708 1690 3770 atque
1720 3697 1776 3752 in
1809 3695 2126 3755 visceribus
2153 3699 2261 3754 rei-

315 3782 576 3858 publicae.
662 3780 740 3838 Ut
767 3770 921 3854 saepe
949 3779 1210 3835 homines
1229 3777 1365 3854 aegri
1389 3774 1583 3831 morbo
1610 3774 1787 3850 gravi,
1818 3769 1956 3830 oiim
1976 3786 2118 3851 aestu
2140 3776 2262 3834 feb-

1738 3878 1760 3901 0
