<?xml version="1.0" encoding="UTF-8"?>
<!DOCTYPE html PUBLIC "-//W3C//DTD XHTML 1.0 Transitional//EN"
    "http://www.w3.org/TR/xhtml1/DTD/xhtml1-transitional.dtd">
<html xmlns="http://www.w3.org/1999/xhtml" xml:lang="en" lang="en">
 <head>
  <title>
</title>
<meta http-equiv="Content-Type" content="text/html;charset=utf-8" />
  <meta name='ocr-system' content='tesseract 3.04.00' />
  <meta name='ocr-capabilities' content='ocr_page ocr_carea ocr_par ocr_line ocrx_word'/>
</head>
<body>
  <div class='ocr_page' id='page_1' title='image "./mtciceronisorat01folsgoog_0101.png"; bbox 0 0 2667 4242; ppageno 0'>
   <div class='ocr_carea' id='block_1_1' title="bbox 640 323 2271 388">
    <p class='ocr_par' dir='ltr' id='par_1_1' title="bbox 640 323 2271 388">
     <span class='ocr_line' id='line_1_1' title="bbox 640 323 2271 388; baseline -0.001 -16"><span class='ocrx_word' id='word_1_1' title='bbox 640 323 913 373; x_wconf 85' lang='lat' dir='ltr'>ORATIO</span> <span class='ocrx_word' id='word_1_2' title='bbox 957 323 1095 373; x_wconf 85' lang='lat' dir='ltr'><strong>PRO</strong></span> <span class='ocrx_word' id='word_1_3' title='bbox 1138 323 1420 374; x_wconf 74' lang='lat' dir='ltr'>ARCHIA</span> <span class='ocrx_word' id='word_1_4' title='bbox 1467 323 1717 375; x_wconf 83' lang='lat' dir='ltr'><strong>POETA.</strong></span> <span class='ocrx_word' id='word_1_5' title='bbox 2167 330 2271 388; x_wconf 66' lang='grc'><strong>95</strong></span> 
     </span>
    </p>
   </div>
   <div class='ocr_carea' id='block_1_2' title="bbox 177 467 2562 3062">
    <p class='ocr_par' dir='ltr' id='par_1_2' title="bbox 180 467 2562 1470">
     <span class='ocr_line' id='line_1_2' title="bbox 188 467 2163 544; baseline -0.001 -18"><span class='ocrx_word' id='word_1_6' title='bbox 188 477 249 526; x_wconf 82' lang='lat' dir='ltr'><strong>et</strong></span> <span class='ocrx_word' id='word_1_7' title='bbox 274 468 595 526; x_wconf 87' lang='lat' dir='ltr'><strong>moderatos</strong></span> <span class='ocrx_word' id='word_1_8' title='bbox 622 478 681 525; x_wconf 89' lang='lat' dir='ltr'><strong>et</strong></span> <span class='ocrx_word' id='word_1_9' title='bbox 707 486 908 544; x_wconf 88' lang='lat' dir='ltr'><strong>graves</strong></span> <span class='ocrx_word' id='word_1_10' title='bbox 935 467 1236 538; x_wconf 83' lang='lat' dir='ltr'><strong>exstitisse,</strong></span> <span class='ocrx_word' id='word_1_11' title='bbox 1262 468 1474 525; x_wconf 81' lang='lat' dir='ltr'><strong>fateor:</strong></span> <span class='ocrx_word' id='word_1_12' title='bbox 1516 467 1691 525; x_wconf 90' lang='lat' dir='ltr'><strong>etiam</strong></span> <span class='ocrx_word' id='word_1_13' title='bbox 1723 468 1861 525; x_wconf 83' lang='lat' dir='ltr'><strong>ulud</strong></span> <span class='ocrx_word' id='word_1_14' title='bbox 1893 468 2163 544; x_wconf 83' lang='lat' dir='ltr'><strong>adjungo,</strong></span> 
     </span>
     <span class='ocr_line' id='line_1_3' title="bbox 188 546 2161 624; baseline -0.001 -20"><span class='ocrx_word' id='word_1_15' title='bbox 188 548 396 624; x_wconf 70' lang='lat' dir='ltr'><strong>saepius</strong></span> <span class='ocrx_word' id='word_1_16' title='bbox 438 548 510 603; x_wconf 89' lang='lat' dir='ltr'><strong>ad</strong></span> <span class='ocrx_word' id='word_1_17' title='bbox 569 547 799 604; x_wconf 89' lang='lat' dir='ltr'><strong>laudem</strong></span> <span class='ocrx_word' id='word_1_18' title='bbox 844 559 1013 620; x_wconf 89' lang='lat' dir='ltr'><strong>atque</strong></span> <span class='ocrx_word' id='word_1_19' title='bbox 1056 548 1318 603; x_wconf 82' lang='lat' dir='ltr'><strong>virtutem</strong></span> <span class='ocrx_word' id='word_1_20' title='bbox 1380 558 1642 611; x_wconf 80' lang='lat' dir='ltr'><strong>naturam</strong></span> <span class='ocrx_word' id='word_1_21' title='bbox 1698 546 1823 603; x_wconf 89' lang='lat' dir='ltr'><strong>sine</strong></span> <span class='ocrx_word' id='word_1_22' title='bbox 1879 547 2161 618; x_wconf 74' lang='lat' dir='ltr'><strong>doctrina,</strong></span> 
     </span>
     <span class='ocr_line' id='line_1_4' title="bbox 187 625 2165 702; baseline 0.001 -21"><span class='ocrx_word' id='word_1_23' title='bbox 187 625 361 701; x_wconf 73' lang='lat' dir='ltr'><strong>quam</strong></span> <span class='ocrx_word' id='word_1_24' title='bbox 403 626 528 682; x_wconf 90' lang='lat' dir='ltr'><strong>sine</strong></span> <span class='ocrx_word' id='word_1_25' title='bbox 565 627 771 683; x_wconf 69' lang='lat' dir='ltr'><strong>natura</strong></span> <span class='ocrx_word' id='word_1_26' title='bbox 801 626 1044 682; x_wconf 86' lang='lat' dir='ltr'><strong>valuisse</strong></span> <span class='ocrx_word' id='word_1_27' title='bbox 1073 625 1409 682; x_wconf 84' lang='lat' dir='ltr'><strong>doctrinam.</strong></span> <span class='ocrx_word' id='word_1_28' title='bbox 1493 627 1687 700; x_wconf 84' lang='lat' dir='ltr'><strong>Atque</strong></span> <span class='ocrx_word' id='word_1_29' title='bbox 1715 626 1866 682; x_wconf 90' lang='lat' dir='ltr'><strong>idem</strong></span> <span class='ocrx_word' id='word_1_30' title='bbox 1895 645 2003 702; x_wconf 90' lang='lat' dir='ltr'><strong>ego</strong></span> <span class='ocrx_word' id='word_1_31' title='bbox 2032 646 2165 683; x_wconf 87' lang='lat' dir='ltr'><strong>con-</strong></span> 
     </span>
     <span class='ocr_line' id='line_1_5' title="bbox 187 703 2164 779; baseline 0.001 -19"><span class='ocrx_word' id='word_1_32' title='bbox 187 705 382 775; x_wconf 85' lang='lat' dir='ltr'><strong>tendo,</strong></span> <span class='ocrx_word' id='word_1_33' title='bbox 411 703 549 762; x_wconf 75' lang='lat' dir='ltr'><strong>cum</strong></span> <span class='ocrx_word' id='word_1_34' title='bbox 591 705 663 761; x_wconf 91' lang='lat' dir='ltr'><strong>ad</strong></span> <span class='ocrx_word' id='word_1_35' title='bbox 706 717 967 761; x_wconf 88' lang='lat' dir='ltr'><strong>naturam</strong></span> <span class='ocrx_word' id='word_1_36' title='bbox 1009 705 1278 761; x_wconf 85' lang='lat' dir='ltr'><strong>eximiam</strong></span> <span class='ocrx_word' id='word_1_37' title='bbox 1322 716 1490 779; x_wconf 88' lang='lat' dir='ltr'><strong>atque</strong></span> <span class='ocrx_word' id='word_1_38' title='bbox 1534 705 1810 761; x_wconf 85' lang='lat' dir='ltr'><strong>illustrem</strong></span> <span class='ocrx_word' id='word_1_39' title='bbox 1853 705 2164 762; x_wconf 87' lang='lat' dir='ltr'><strong>accesserit</strong></span> 
     </span>
     <span class='ocr_line' id='line_1_6' title="bbox 184 746 2562 882; baseline -0.02 -42"><span class='ocrx_word' id='word_1_40' title='bbox 184 784 336 840; x_wconf 86' lang='lat' dir='ltr'><strong>ratio</strong></span> <span class='ocrx_word' id='word_1_41' title='bbox 363 784 624 857; x_wconf 83' lang='lat' dir='ltr'><strong>quaedam</strong></span> <span class='ocrx_word' id='word_1_42' title='bbox 653 782 1136 856; x_wconf 80' lang='lat' dir='ltr'><strong>conformatioque</strong></span> <span class='ocrx_word' id='word_1_43' title='bbox 1165 769 1470 861; x_wconf 67' lang='lat' dir='ltr'><strong>doctrinm(</strong></span> <span class='ocrx_word' id='word_1_44' title='bbox 1489 796 1611 840; x_wconf 89' lang='lat' dir='ltr'><strong>tum</strong></span> <span class='ocrx_word' id='word_1_45' title='bbox 1642 783 1781 839; x_wconf 90' lang='lat' dir='ltr'><strong>illud</strong></span> <span class='ocrx_word' id='word_1_46' title='bbox 1808 784 2006 841; x_wconf 87' lang='lat' dir='ltr'><strong>nescio</strong></span> <span class='ocrx_word' id='word_1_47' title='bbox 2025 784 2163 859; x_wconf 89' lang='lat' dir='ltr'><strong>quid</strong></span> <span class='ocrx_word' id='word_1_48' title='bbox 2232 746 2562 882; x_wconf 47' lang='lat' dir='ltr'><strong>W!</strong></span> 
     </span>
     <span class='ocr_line' id='line_1_7' title="bbox 180 860 2164 938; baseline 0 -19"><span class='ocrx_word' id='word_1_49' title='bbox 180 862 526 937; x_wconf 80' lang='lat' dir='ltr'><strong>praeclarum</strong></span> <span class='ocrx_word' id='word_1_50' title='bbox 569 881 639 919; x_wconf 87' lang='lat' dir='ltr'><strong>ac</strong></span> <span class='ocrx_word' id='word_1_51' title='bbox 679 862 969 938; x_wconf 87' lang='lat' dir='ltr'><strong>singulare</strong></span> <span class='ocrx_word' id='word_1_52' title='bbox 1008 860 1190 917; x_wconf 91' lang='lat' dir='ltr'><strong>solere</strong></span> <span class='ocrx_word' id='word_1_53' title='bbox 1230 861 1468 918; x_wconf 78' lang='lat' dir='ltr'><strong>exsistet</strong></span> <span class='ocrx_word' id='word_1_54' title='bbox 1528 880 1540 918; x_wconf 77' lang='grc' dir='ltr'>ε</span> <span class='ocrx_word' id='word_1_55' title='bbox 1584 882 1655 918; x_wconf 87' lang='lat' dir='ltr'><strong>ex</strong></span> <span class='ocrx_word' id='word_1_56' title='bbox 1695 863 1805 919; x_wconf 92' lang='lat' dir='ltr'><strong>hoc</strong></span> <span class='ocrx_word' id='word_1_57' title='bbox 1845 881 1970 919; x_wconf 90' lang='lat' dir='ltr'><strong>esse</strong></span> <span class='ocrx_word' id='word_1_58' title='bbox 2007 863 2164 919; x_wconf 90' lang='lat' dir='ltr'><strong>hunc</strong></span> 
     </span>
     <span class='ocr_line' id='line_1_8' title="bbox 182 939 2161 1016; baseline 0 -20"><span class='ocrx_word' id='word_1_59' title='bbox 182 959 451 1011; x_wconf 89' lang='lat' dir='ltr'><strong>numero,</strong></span> <span class='ocrx_word' id='word_1_60' title='bbox 497 959 668 1015; x_wconf 89' lang='lat' dir='ltr'><strong>quem</strong></span> <span class='ocrx_word' id='word_1_61' title='bbox 726 952 914 1016; x_wconf 88' lang='lat' dir='ltr'><strong>patres</strong></span> <span class='ocrx_word' id='word_1_62' title='bbox 972 939 1149 997; x_wconf 87' lang='lat' dir='ltr'><strong>nostri</strong></span> <span class='ocrx_word' id='word_1_63' title='bbox 1207 940 1489 1011; x_wconf 89' lang='lat' dir='ltr'><strong>viderunt,</strong></span> <span class='ocrx_word' id='word_1_64' title='bbox 1534 941 1791 998; x_wconf 88' lang='lat' dir='ltr'><strong>divinum</strong></span> <span class='ocrx_word' id='word_1_65' title='bbox 1851 941 2161 1012; x_wconf 89' lang='lat' dir='ltr'><strong>hominem,</strong></span> 
     </span>
     <span class='ocr_line' id='line_1_9' title="bbox 184 1017 2163 1089; baseline 0 -13"><span class='ocrx_word' id='word_1_66' title='bbox 184 1019 568 1089; x_wconf 82' lang='lat' dir='ltr'><strong>Africanum3</strong></span> <span class='ocrx_word' id='word_1_67' title='bbox 610 1039 683 1077; x_wconf 85' lang='lat' dir='ltr'><strong>ex</strong></span> <span class='ocrx_word' id='word_1_68' title='bbox 725 1021 833 1077; x_wconf 86' lang='lat' dir='ltr'><strong>hoc</strong></span> <span class='ocrx_word' id='word_1_69' title='bbox 873 1019 942 1076; x_wconf 86' lang='lat' dir='ltr'><strong>C.</strong></span> <span class='ocrx_word' id='word_1_70' title='bbox 986 1017 1249 1088; x_wconf 81' lang='lat' dir='ltr'><strong>Laelium,</strong></span> <span class='ocrx_word' id='word_1_71' title='bbox 1279 1017 1346 1075; x_wconf 92' lang='lat' dir='ltr'><strong>L.</strong></span> <span class='ocrx_word' id='word_1_72' title='bbox 1379 1018 1640 1089; x_wconf 88' lang='lat' dir='ltr'><strong>Furium,</strong></span> <span class='ocrx_word' id='word_1_73' title='bbox 1683 1018 2163 1077; x_wconf 81' lang='lat' dir='ltr'><strong>moderatissimos</strong></span> 
     </span>
     <span class='ocr_line' id='line_1_10' title="bbox 182 1097 2164 1169; baseline 0.001 -16"><span class='ocrx_word' id='word_1_74' title='bbox 182 1097 451 1156; x_wconf 88' lang='lat' dir='ltr'><strong>homines</strong></span> <span class='ocrx_word' id='word_1_75' title='bbox 489 1109 548 1155; x_wconf 87' lang='lat' dir='ltr'><strong>et</strong></span> <span class='ocrx_word' id='word_1_76' title='bbox 587 1098 1108 1156; x_wconf 87' lang='lat' dir='ltr'><strong>continentissimos</strong></span> <span class='ocrx_word' id='word_1_77' title='bbox 1124 1115 1139 1166; x_wconf 79' lang='lat'><em>3</em></span> <span class='ocrx_word' id='word_1_78' title='bbox 1188 1115 1259 1153; x_wconf 85' lang='lat' dir='ltr'><strong>ex</strong></span> <span class='ocrx_word' id='word_1_79' title='bbox 1301 1098 1411 1167; x_wconf 91' lang='lat' dir='ltr'><strong>hoc</strong></span> <span class='ocrx_word' id='word_1_80' title='bbox 1452 1097 1819 1154; x_wconf 86' lang='lat' dir='ltr'><strong>fortissimum</strong></span> <span class='ocrx_word' id='word_1_81' title='bbox 1860 1098 2063 1169; x_wconf 89' lang='lat' dir='ltr'><strong>virum,</strong></span> <span class='ocrx_word' id='word_1_82' title='bbox 2105 1107 2164 1155; x_wconf 90' lang='lat' dir='ltr'><strong>et</strong></span> 
     </span>
     <span class='ocr_line' id='line_1_11' title="bbox 182 1173 2328 1252; baseline 0 -20"><span class='ocrx_word' id='word_1_83' title='bbox 182 1174 299 1232; x_wconf 88' lang='lat' dir='ltr'><strong>illis</strong></span> <span class='ocrx_word' id='word_1_84' title='bbox 357 1177 705 1252; x_wconf 84' lang='lat' dir='ltr'><strong>temporibus</strong></span> <span class='ocrx_word' id='word_1_85' title='bbox 758 1176 1172 1246; x_wconf 86' lang='lat' dir='ltr'><strong>doctissimum,</strong></span> <span class='ocrx_word' id='word_1_86' title='bbox 1229 1174 1311 1231; x_wconf 94' lang='lat' dir='ltr'><strong>M.</strong></span> <span class='ocrx_word' id='word_1_87' title='bbox 1363 1176 1645 1234; x_wconf 72' lang='lat' dir='ltr'><strong>Catonem</strong></span> <span class='ocrx_word' id='word_1_88' title='bbox 1714 1176 1874 1232; x_wconf 90' lang='lat' dir='ltr'><strong>illum</strong></span> <span class='ocrx_word' id='word_1_89' title='bbox 1927 1196 2160 1247; x_wconf 83' lang='lat' dir='ltr'><strong>senem3</strong></span> <span class='ocrx_word' id='word_1_90' title='bbox 2201 1173 2267 1227; x_wconf 82' lang='grc'><strong>10</strong></span> <span class='ocrx_word' id='word_1_91' title='bbox 2314 1193 2328 1209; x_wconf 88' lang='grc'><em>·</em></span> 
     </span>
     <span class='ocr_line' id='line_1_12' title="bbox 180 1254 2166 1330; baseline 0.002 -20"><span class='ocrx_word' id='word_1_92' title='bbox 180 1254 301 1330; x_wconf 92' lang='lat' dir='ltr'><strong>qui,</strong></span> <span class='ocrx_word' id='word_1_93' title='bbox 345 1254 626 1330; x_wconf 71' lang='lat' dir='ltr'><strong>profecto,</strong></span> <span class='ocrx_word' id='word_1_94' title='bbox 667 1255 715 1312; x_wconf 90' lang='lat' dir='ltr'><strong>si</strong></span> <span class='ocrx_word' id='word_1_95' title='bbox 772 1255 914 1311; x_wconf 88' lang='lat' dir='ltr'><strong>nihil</strong></span> <span class='ocrx_word' id='word_1_96' title='bbox 977 1254 1050 1310; x_wconf 90' lang='lat' dir='ltr'><strong>ad</strong></span> <span class='ocrx_word' id='word_1_97' title='bbox 1105 1254 1535 1330; x_wconf 80' lang='lat' dir='ltr'><strong>percipiendam</strong></span> <span class='ocrx_word' id='word_1_98' title='bbox 1592 1254 2005 1329; x_wconf 78' lang='lat' dir='ltr'><strong>colendamque</strong></span> <span class='ocrx_word' id='word_1_99' title='bbox 2058 1256 2166 1313; x_wconf 90' lang='lat' dir='ltr'><strong>vir-</strong></span> 
     </span>
     <span class='ocr_line' id='line_1_13' title="bbox 181 1333 2165 1410; baseline 0.001 -21"><span class='ocrx_word' id='word_1_100' title='bbox 181 1342 370 1390; x_wconf 87' lang='lat' dir='ltr'><strong>tutem</strong></span> <span class='ocrx_word' id='word_1_101' title='bbox 424 1334 604 1391; x_wconf 90' lang='lat' dir='ltr'><strong>literis</strong></span> <span class='ocrx_word' id='word_1_102' title='bbox 657 1334 1079 1410; x_wconf 81' lang='lat' dir='ltr'><strong>adjuvarentur,</strong></span> <span class='ocrx_word' id='word_1_103' title='bbox 1121 1352 1429 1408; x_wconf 90' lang='lat' dir='ltr'><strong>nunquam·</strong></span> <span class='ocrx_word' id='word_1_104' title='bbox 1457 1352 1519 1390; x_wconf 91' lang='lat' dir='ltr'><strong>se</strong></span> <span class='ocrx_word' id='word_1_105' title='bbox 1562 1334 1632 1389; x_wconf 88' lang='lat' dir='ltr'><strong>ad</strong></span> <span class='ocrx_word' id='word_1_106' title='bbox 1674 1352 1871 1390; x_wconf 90' lang='lat' dir='ltr'><strong>earum</strong></span> <span class='ocrx_word' id='word_1_107' title='bbox 1912 1333 2165 1391; x_wconf 89' lang='lat' dir='ltr'><strong>studium</strong></span> 
     </span>
     <span class='ocr_line' id='line_1_14' title="bbox 182 1412 580 1470; baseline 0.003 -1"><span class='ocrx_word' id='word_1_108' title='bbox 182 1412 580 1470; x_wconf 87' lang='lat' dir='ltr'><strong>contulissent.</strong></span> 
     </span>
    </p>

    <p class='ocr_par' dir='ltr' id='par_1_3' title="bbox 177 1490 2472 2271">
     <span class='ocr_line' id='line_1_15' title="bbox 256 1490 2163 1562; baseline -0.001 -11"><span class='ocrx_word' id='word_1_109' title='bbox 256 1490 449 1551; x_wconf 74' lang='lat' dir='ltr'><strong>Quod</strong></span> <span class='ocrx_word' id='word_1_110' title='bbox 485 1491 533 1547; x_wconf 89' lang='lat' dir='ltr'><strong>si</strong></span> <span class='ocrx_word' id='word_1_111' title='bbox 569 1511 683 1550; x_wconf 86' lang='lat' dir='ltr'><strong>non</strong></span> <span class='ocrx_word' id='word_1_112' title='bbox 719 1492 817 1549; x_wconf 88' lang='lat' dir='ltr'><strong>hic</strong></span> <span class='ocrx_word' id='word_1_113' title='bbox 852 1501 1046 1548; x_wconf 89' lang='lat' dir='ltr'><strong>tantus</strong></span> <span class='ocrx_word' id='word_1_114' title='bbox 1082 1492 1303 1550; x_wconf 75' lang='lat' dir='ltr'><strong>fluctus</strong></span> <span class='ocrx_word' id='word_1_115' title='bbox 1341 1491 1757 1562; x_wconf 88' lang='lat' dir='ltr'><strong>ostenderetur,</strong></span> <span class='ocrx_word' id='word_1_116' title='bbox 1787 1504 1846 1548; x_wconf 93' lang='lat' dir='ltr'><strong>et</strong></span> <span class='ocrx_word' id='word_1_117' title='bbox 1880 1490 1929 1548; x_wconf 89' lang='lat' dir='ltr'><strong>si</strong></span> <span class='ocrx_word' id='word_1_118' title='bbox 1965 1511 2036 1549; x_wconf 85' lang='lat' dir='ltr'><strong>ex</strong></span> <span class='ocrx_word' id='word_1_119' title='bbox 2073 1492 2163 1549; x_wconf 88' lang='lat' dir='ltr'><strong>his</strong></span> 
     </span>
     <span class='ocr_line' id='line_1_16' title="bbox 179 1568 2266 1648; baseline 0.001 -23"><span class='ocrx_word' id='word_1_120' title='bbox 179 1569 394 1626; x_wconf 88' lang='lat' dir='ltr'><strong>studiis</strong></span> <span class='ocrx_word' id='word_1_121' title='bbox 421 1570 727 1627; x_wconf 85' lang='lat' dir='ltr'><strong>delectatio</strong></span> <span class='ocrx_word' id='word_1_122' title='bbox 753 1571 875 1627; x_wconf 90' lang='lat' dir='ltr'><strong>sola</strong></span> <span class='ocrx_word' id='word_1_123' title='bbox 900 1582 1185 1646; x_wconf 87' lang='lat' dir='ltr'><strong>peteretur</strong></span> <span class='ocrx_word' id='word_1_124' title='bbox 1208 1589 1222 1639; x_wconf 90' lang='lat'>;</span> <span class='ocrx_word' id='word_1_125' title='bbox 1264 1579 1458 1627; x_wconf 90' lang='lat' dir='ltr'><strong>tamen</strong></span> <span class='ocrx_word' id='word_1_126' title='bbox 1490 1568 1580 1647; x_wconf 92' lang='lat' dir='ltr'><strong>(ut</strong></span> <span class='ocrx_word' id='word_1_127' title='bbox 1607 1570 1831 1648; x_wconf 90' lang='lat' dir='ltr'><strong>opinor)</strong></span> <span class='ocrx_word' id='word_1_128' title='bbox 1864 1571 2015 1628; x_wconf 88' lang='lat' dir='ltr'><strong>hanc</strong></span> <span class='ocrx_word' id='word_1_129' title='bbox 2044 1571 2162 1629; x_wconf 89' lang='lat' dir='ltr'><strong>ani·</strong></span> <span class='ocrx_word' id='word_1_130' title='bbox 2201 1576 2266 1628; x_wconf 80' lang='lat'><strong>15</strong></span> 
     </span>
     <span class='ocr_line' id='line_1_17' title="bbox 180 1647 2472 1729; baseline 0.002 -26"><span class='ocrx_word' id='word_1_131' title='bbox 180 1649 259 1704; x_wconf 92' lang='lat' dir='ltr'><strong>mi</strong></span> <span class='ocrx_word' id='word_1_132' title='bbox 323 1648 747 1729; x_wconf 75' lang='lat' dir='ltr'><strong>remissionem]</strong></span> <span class='ocrx_word' id='word_1_133' title='bbox 781 1649 1252 1706; x_wconf 89' lang='lat' dir='ltr'><strong>humanissimam</strong></span> <span class='ocrx_word' id='word_1_134' title='bbox 1283 1667 1353 1706; x_wconf 92' lang='lat' dir='ltr'><strong>ac</strong></span> <span class='ocrx_word' id='word_1_135' title='bbox 1380 1647 1838 1706; x_wconf 83' lang='lat' dir='ltr'><strong>liberalissimam</strong></span> <span class='ocrx_word' id='word_1_136' title='bbox 1876 1648 2162 1724; x_wconf 85' lang='lat' dir='ltr'><strong>judicare-</strong></span> <span class='ocrx_word' id='word_1_137' title='bbox 2275 1674 2314 1683; x_wconf 90' lang='lat'><strong>··</strong></span> <span class='ocrx_word' id='word_1_138' title='bbox 2351 1670 2371 1723; x_wconf 64' lang='lat' dir='ltr'><em>f</em></span> <span class='ocrx_word' id='word_1_139' title='bbox 2453 1701 2472 1721; x_wconf 56' lang='grc'><strong>,.</strong></span> 
     </span>
     <span class='ocr_line' id='line_1_18' title="bbox 179 1725 2430 1804; baseline 0.001 -23"><span class='ocrx_word' id='word_1_140' title='bbox 179 1726 269 1782; x_wconf 75' lang='lat' dir='ltr'><strong>tis·</strong></span> <span class='ocrx_word' id='word_1_141' title='bbox 360 1725 517 1784; x_wconf 88' lang='lat' dir='ltr'><strong>Nam</strong></span> <span class='ocrx_word' id='word_1_142' title='bbox 554 1738 762 1785; x_wconf 84' lang='lat' dir='ltr'><strong>caetera</strong></span> <span class='ocrx_word' id='word_1_143' title='bbox 801 1730 988 1802; x_wconf 83' lang='lat' dir='ltr'><strong>neque</strong></span> <span class='ocrx_word' id='word_1_144' title='bbox 1024 1736 1341 1804; x_wconf 89' lang='lat' dir='ltr'><strong>temporum</strong></span> <span class='ocrx_word' id='word_1_145' title='bbox 1378 1738 1512 1784; x_wconf 90' lang='lat' dir='ltr'><strong>sunt</strong></span> <span class='ocrx_word' id='word_1_146' title='bbox 1546 1746 1733 1802; x_wconf 91' lang='lat' dir='ltr'><strong>neque</strong></span> <span class='ocrx_word' id='word_1_147' title='bbox 1773 1739 2004 1784; x_wconf 63' lang='lat' dir='ltr'><strong>aetatum</strong></span> <span class='ocrx_word' id='word_1_148' title='bbox 2044 1748 2163 1786; x_wconf 88' lang='lat' dir='ltr'><strong>om·</strong></span> <span class='ocrx_word' id='word_1_149' title='bbox 2216 1733 2430 1784; x_wconf 59' lang='lat' dir='ltr'>.&#39;...&#39;..Ld</span> 
     </span>
     <span class='ocr_line' id='line_1_19' title="bbox 180 1802 2153 1886; baseline 0.001 -25"><span class='ocrx_word' id='word_1_150' title='bbox 180 1804 368 1875; x_wconf 88' lang='lat' dir='ltr'><strong>nium,</strong></span> <span class='ocrx_word' id='word_1_151' title='bbox 412 1824 599 1880; x_wconf 89' lang='lat' dir='ltr'><strong>neque</strong></span> <span class='ocrx_word' id='word_1_152' title='bbox 656 1807 945 1864; x_wconf 87' lang='lat' dir='ltr'><strong>locorum:</strong></span> <span class='ocrx_word' id='word_1_153' title='bbox 1006 1807 1133 1864; x_wconf 81' lang='lat' dir='ltr'><strong>haec</strong></span> <span class='ocrx_word' id='word_1_154' title='bbox 1192 1806 1384 1863; x_wconf 88' lang='lat' dir='ltr'><strong>studia</strong></span> <span class='ocrx_word' id='word_1_155' title='bbox 1425 1802 1869 1864; x_wconf 81' lang='lat' dir='ltr'><strong>adolescentiam</strong></span> <span class='ocrx_word' id='word_1_156' title='bbox 1916 1805 2153 1886; x_wconf 87' lang='lat' dir='ltr'><strong>[alunt‚]</strong></span> 
     </span>
     <span class='ocr_line' id='line_1_20' title="bbox 178 1885 2159 1962; baseline 0.002 -22"><span class='ocrx_word' id='word_1_157' title='bbox 178 1894 545 1941; x_wconf 88' lang='lat' dir='ltr'><strong>senectutem</strong></span> <span class='ocrx_word' id='word_1_158' title='bbox 582 1885 892 1956; x_wconf 88' lang='lat' dir='ltr'><strong>oblectant,</strong></span> <span class='ocrx_word' id='word_1_159' title='bbox 921 1904 950 1941; x_wconf 86' lang='lat' dir='ltr'><strong>s</strong></span> <span class='ocrx_word' id='word_1_160' title='bbox 985 1885 1207 1942; x_wconf 87' lang='lat' dir='ltr'><strong>cundas</strong></span> <span class='ocrx_word' id='word_1_161' title='bbox 1248 1903 1339 1941; x_wconf 90' lang='lat' dir='ltr'><strong>res</strong></span> <span class='ocrx_word' id='word_1_162' title='bbox 1377 1897 1603 1955; x_wconf 87' lang='lat' dir='ltr'><strong>ornant,</strong></span> <span class='ocrx_word' id='word_1_163' title='bbox 1634 1885 1886 1942; x_wconf 88' lang='lat' dir='ltr'><strong>adversis</strong></span> <span class='ocrx_word' id='word_1_164' title='bbox 1913 1886 2159 1962; x_wconf 89' lang='lat' dir='ltr'><strong>perfugi-</strong></span> 
     </span>
     <span class='ocr_line' id='line_1_21' title="bbox 181 1962 2265 2040; baseline 0 -22"><span class='ocrx_word' id='word_1_165' title='bbox 181 1980 277 2018; x_wconf 93' lang='lat' dir='ltr'><strong>um</strong></span> <span class='ocrx_word' id='word_1_166' title='bbox 307 1981 384 2020; x_wconf 85' lang='lat' dir='ltr'><strong>ac</strong></span> <span class='ocrx_word' id='word_1_167' title='bbox 411 1962 675 2021; x_wconf 87' lang='lat' dir='ltr'><strong>solatium</strong></span> <span class='ocrx_word' id='word_1_168' title='bbox 702 1964 975 2040; x_wconf 82' lang='lat' dir='ltr'><strong>praebent,</strong></span> <span class='ocrx_word' id='word_1_169' title='bbox 998 1963 1288 2021; x_wconf 90' lang='lat' dir='ltr'><strong>delectant</strong></span> <span class='ocrx_word' id='word_1_170' title='bbox 1314 1963 1488 2034; x_wconf 90' lang='lat' dir='ltr'><strong>domi,</strong></span> <span class='ocrx_word' id='word_1_171' title='bbox 1517 1983 1630 2022; x_wconf 92' lang='lat' dir='ltr'><strong>non</strong></span> <span class='ocrx_word' id='word_1_172' title='bbox 1660 1963 1977 2038; x_wconf 87' lang='lat' dir='ltr'><strong>impediunt</strong></span> <span class='ocrx_word' id='word_1_173' title='bbox 2006 1964 2158 2034; x_wconf 76' lang='lat' dir='ltr'><strong>foriS,</strong></span> <span class='ocrx_word' id='word_1_174' title='bbox 2192 1966 2265 2019; x_wconf 80' lang='lat'><strong>20</strong></span> 
     </span>
     <span class='ocr_line' id='line_1_22' title="bbox 177 2042 2160 2119; baseline 0.001 -22"><span class='ocrx_word' id='word_1_175' title='bbox 177 2051 523 2115; x_wconf 88' lang='lat' dir='ltr'><strong>pernoctant</strong></span> <span class='ocrx_word' id='word_1_176' title='bbox 574 2042 893 2112; x_wconf 85' lang='lat' dir='ltr'><strong>nobiscum,</strong></span> <span class='ocrx_word' id='word_1_177' title='bbox 933 2042 1391 2119; x_wconf 86' lang='lat' dir='ltr'><strong>peregrinantur,</strong></span> <span class='ocrx_word' id='word_1_178' title='bbox 1433 2043 1799 2099; x_wconf 88' lang='lat' dir='ltr'><strong>rusticantur.</strong></span> <span class='ocrx_word' id='word_1_179' title='bbox 1879 2042 2062 2103; x_wconf 79' lang='lat' dir='ltr'><strong>Quod</strong></span> <span class='ocrx_word' id='word_1_180' title='bbox 2111 2042 2160 2099; x_wconf 92' lang='lat' dir='ltr'><strong>si</strong></span> 
     </span>
     <span class='ocr_line' id='line_1_23' title="bbox 180 2119 2277 2197; baseline 0 -21"><span class='ocrx_word' id='word_1_181' title='bbox 180 2119 284 2194; x_wconf 88' lang='lat' dir='ltr'><strong>ipsi</strong></span> <span class='ocrx_word' id='word_1_182' title='bbox 315 2121 448 2177; x_wconf 86' lang='lat' dir='ltr'><strong>haec</strong></span> <span class='ocrx_word' id='word_1_183' title='bbox 469 2139 653 2195; x_wconf 90' lang='lat' dir='ltr'><strong>neque</strong></span> <span class='ocrx_word' id='word_1_184' title='bbox 683 2120 962 2197; x_wconf 87' lang='lat' dir='ltr'><strong>attingere</strong></span> <span class='ocrx_word' id='word_1_185' title='bbox 983 2140 1169 2196; x_wconf 81' lang='lat' dir='ltr'><strong>neque</strong></span> <span class='ocrx_word' id='word_1_186' title='bbox 1190 2139 1363 2177; x_wconf 88' lang='lat' dir='ltr'><strong>sensu</strong></span> <span class='ocrx_word' id='word_1_187' title='bbox 1383 2131 1576 2178; x_wconf 89' lang='lat' dir='ltr'><strong>nostro</strong></span> <span class='ocrx_word' id='word_1_188' title='bbox 1596 2131 1827 2195; x_wconf 87' lang='lat' dir='ltr'><strong>gustare</strong></span> <span class='ocrx_word' id='word_1_189' title='bbox 1848 2139 2159 2195; x_wconf 88' lang='lat' dir='ltr'><strong>possemus,</strong></span> <span class='ocrx_word' id='word_1_190' title='bbox 2202 2146 2277 2156; x_wconf 75' lang='lat'><strong>--</strong></span> 
     </span>
     <span class='ocr_line' id='line_1_24' title="bbox 180 2197 2120 2271; baseline 0.003 -18"><span class='ocrx_word' id='word_1_191' title='bbox 180 2209 379 2255; x_wconf 88' lang='lat' dir='ltr'><strong>tamen</strong></span> <span class='ocrx_word' id='word_1_192' title='bbox 408 2217 482 2256; x_wconf 90' lang='lat' dir='ltr'><strong>ea</strong></span> <span class='ocrx_word' id='word_1_193' title='bbox 508 2200 702 2257; x_wconf 88' lang='lat' dir='ltr'><strong>mirari</strong></span> <span class='ocrx_word' id='word_1_194' title='bbox 731 2200 1089 2271; x_wconf 88' lang='lat' dir='ltr'><strong>deberemus,</strong></span> <span class='ocrx_word' id='word_1_195' title='bbox 1118 2198 1294 2257; x_wconf 90' lang='lat' dir='ltr'><strong>etiam</strong></span> <span class='ocrx_word' id='word_1_196' title='bbox 1323 2197 1460 2255; x_wconf 71' lang='lat' dir='ltr'><strong>cum</strong></span> <span class='ocrx_word' id='word_1_197' title='bbox 1490 2198 1707 2256; x_wconf 85' lang='lat' dir='ltr'><strong>in&#39;aliis</strong></span> <span class='ocrx_word' id='word_1_198' title='bbox 1734 2199 2071 2255; x_wconf 63' lang='lat' dir='ltr'><strong>videremus</strong></span> <span class='ocrx_word' id='word_1_199' title='bbox 2096 2236 2120 2258; x_wconf 88' lang='lat'><strong>·.</strong></span> 
     </span>
    </p>

    <p class='ocr_par' dir='ltr' id='par_1_4' title="bbox 178 2276 2265 3062">
     <span class='ocr_line' id='line_1_25' title="bbox 257 2276 2161 2353; baseline -0.001 -18"><span class='ocrx_word' id='word_1_200' title='bbox 257 2276 439 2335; x_wconf 90' lang='lat' dir='ltr'><strong>VIII.</strong></span> <span class='ocrx_word' id='word_1_201' title='bbox 506 2276 663 2340; x_wconf 78' lang='lat' dir='ltr'><strong>Quis</strong></span> <span class='ocrx_word' id='word_1_202' title='bbox 702 2278 957 2336; x_wconf 73' lang='lat' dir='ltr'><strong>nostrum</strong></span> <span class='ocrx_word' id='word_1_203' title='bbox 998 2289 1116 2335; x_wconf 89' lang='lat' dir='ltr'><strong>tam</strong></span> <span class='ocrx_word' id='word_1_204' title='bbox 1160 2277 1355 2335; x_wconf 88' lang='lat' dir='ltr'><strong>animo</strong></span> <span class='ocrx_word' id='word_1_205' title='bbox 1395 2277 1604 2353; x_wconf 87' lang='lat' dir='ltr'><strong>agresti</strong></span> <span class='ocrx_word' id='word_1_206' title='bbox 1648 2295 1718 2334; x_wconf 88' lang='lat' dir='ltr'><strong>ac</strong></span> <span class='ocrx_word' id='word_1_207' title='bbox 1757 2276 1902 2334; x_wconf 90' lang='lat' dir='ltr'><strong>duro</strong></span> <span class='ocrx_word' id='word_1_208' title='bbox 1943 2277 2067 2348; x_wconf 90' lang='lat' dir='ltr'><strong>fuit,</strong></span> <span class='ocrx_word' id='word_1_209' title='bbox 2098 2288 2161 2334; x_wconf 87' lang='lat' dir='ltr'><strong>ut</strong></span> 
     </span>
     <span class='ocr_line' id='line_1_26' title="bbox 179 2352 2265 2432; baseline 0.003 -20"><span class='ocrx_word' id='word_1_210' title='bbox 179 2354 390 2414; x_wconf 88' lang='lat' dir='ltr'><strong>Roscii</strong></span> <span class='ocrx_word' id='word_1_211' title='bbox 419 2367 600 2414; x_wconf 86' lang='lat' dir='ltr'><strong>morte</strong></span> <span class='ocrx_word' id='word_1_212' title='bbox 626 2376 806 2432; x_wconf 89' lang='lat' dir='ltr'><strong>nuper</strong></span> <span class='ocrx_word' id='word_1_213' title='bbox 833 2376 948 2414; x_wconf 89' lang='lat' dir='ltr'><strong>non</strong></span> <span class='ocrx_word' id='word_1_214' title='bbox 985 2357 1479 2415; x_wconf 77' lang='lat' dir='ltr'><strong>commoveretur&#39;l</strong></span> <span class='ocrx_word' id='word_1_215' title='bbox 1520 2356 1618 2432; x_wconf 90' lang='lat' dir='ltr'><strong>qui</strong></span> <span class='ocrx_word' id='word_1_216' title='bbox 1647 2352 1781 2413; x_wconf 71' lang='lat' dir='ltr'><strong>cum</strong></span> <span class='ocrx_word' id='word_1_217' title='bbox 1809 2365 1960 2413; x_wconf 88' lang='lat' dir='ltr'><strong>esset</strong></span> <span class='ocrx_word' id='word_1_218' title='bbox 1986 2376 2161 2415; x_wconf 89' lang='lat' dir='ltr'><strong>senex</strong></span> <span class='ocrx_word' id='word_1_219' title='bbox 2193 2365 2265 2419; x_wconf 75' lang='lat'><strong>25</strong></span> 
     </span>
     <span class='ocr_line' id='line_1_27' title="bbox 179 2436 2157 2513; baseline 0.002 -23"><span class='ocrx_word' id='word_1_220' title='bbox 179 2444 462 2505; x_wconf 87' lang='lat' dir='ltr'><strong>mortuus,</strong></span> <span class='ocrx_word' id='word_1_221' title='bbox 503 2445 716 2506; x_wconf 90' lang='lat' dir='ltr'><strong>tamen,</strong></span> <span class='ocrx_word' id='word_1_222' title='bbox 755 2446 981 2513; x_wconf 89' lang='lat' dir='ltr'><strong>propter</strong></span> <span class='ocrx_word' id='word_1_223' title='bbox 1027 2436 1406 2493; x_wconf 86' lang='lat' dir='ltr'><strong>excellentem</strong></span> <span class='ocrx_word' id='word_1_224' title='bbox 1448 2446 1628 2493; x_wconf 87' lang='lat' dir='ltr'><strong>artem</strong></span> <span class='ocrx_word' id='word_1_225' title='bbox 1671 2454 1741 2492; x_wconf 90' lang='lat' dir='ltr'><strong>ac</strong></span> <span class='ocrx_word' id='word_1_226' title='bbox 1782 2446 2157 2508; x_wconf 87' lang='lat' dir='ltr'><strong>venustatem,</strong></span> 
     </span>
     <span class='ocr_line' id='line_1_28' title="bbox 181 2512 2158 2591; baseline 0.003 -23"><span class='ocrx_word' id='word_1_227' title='bbox 181 2513 486 2572; x_wconf 90' lang='lat' dir='ltr'><strong>videbatur</strong></span> <span class='ocrx_word' id='word_1_228' title='bbox 532 2514 764 2573; x_wconf 90' lang='lat' dir='ltr'><strong>omnino</strong></span> <span class='ocrx_word' id='word_1_229' title='bbox 815 2514 958 2572; x_wconf 90' lang='lat' dir='ltr'><strong>mori</strong></span> <span class='ocrx_word' id='word_1_230' title='bbox 1011 2534 1126 2572; x_wconf 90' lang='lat' dir='ltr'><strong>non</strong></span> <span class='ocrx_word' id='word_1_231' title='bbox 1181 2513 1465 2571; x_wconf 88' lang='lat' dir='ltr'><strong>debuisse.</strong></span> <span class='ocrx_word' id='word_1_232' title='bbox 1551 2512 1707 2591; x_wconf 89' lang='lat' dir='ltr'><strong>Ergo</strong></span> <span class='ocrx_word' id='word_1_233' title='bbox 1759 2513 1855 2572; x_wconf 91' lang='lat' dir='ltr'><strong>ille</strong></span> <span class='ocrx_word' id='word_1_234' title='bbox 1909 2516 2158 2591; x_wconf 90' lang='lat' dir='ltr'><strong>corporis</strong></span> 
     </span>
     <span class='ocr_line' id='line_1_29' title="bbox 179 2579 2157 2665; baseline 0.003 -18"><span class='ocrx_word' id='word_1_235' title='bbox 179 2603 341 2650; x_wconf 89' lang='lat' dir='ltr'><strong>motu</strong></span> <span class='ocrx_word' id='word_1_236' title='bbox 383 2601 607 2649; x_wconf 88' lang='lat' dir='ltr'><strong>tantum</strong></span> <span class='ocrx_word' id='word_1_237' title='bbox 645 2611 895 2651; x_wconf 89' lang='lat' dir='ltr'><strong>amorem</strong></span> <span class='ocrx_word' id='word_1_238' title='bbox 931 2592 1041 2650; x_wconf 90' lang='lat' dir='ltr'><strong>sibi</strong></span> <span class='ocrx_word' id='word_1_239' title='bbox 1075 2591 1416 2651; x_wconf 70' lang='lat' dir='ltr'><strong>conciliarat</strong></span> <span class='ocrx_word' id='word_1_240' title='bbox 1454 2611 1487 2649; x_wconf 89' lang='lat' dir='ltr'><strong>a</strong></span> <span class='ocrx_word' id='word_1_241' title='bbox 1522 2579 1687 2650; x_wconf 85' lang='lat' dir='ltr'><strong>nobis</strong></span> <span class='ocrx_word' id='word_1_242' title='bbox 1713 2593 2009 2665; x_wconf 87' lang='lat' dir='ltr'><strong>omnibus;</strong></span> <span class='ocrx_word' id='word_1_243' title='bbox 2052 2615 2157 2653; x_wconf 88' lang='lat' dir='ltr'><strong>nos</strong></span> 
     </span>
     <span class='ocr_line' id='line_1_30' title="bbox 182 2670 2160 2750; baseline 0.002 -22"><span class='ocrx_word' id='word_1_244' title='bbox 182 2671 508 2728; x_wconf 88' lang='lat' dir='ltr'><strong>animorum</strong></span> <span class='ocrx_word' id='word_1_245' title='bbox 537 2670 902 2729; x_wconf 89' lang='lat' dir='ltr'><strong>incredibiles</strong></span> <span class='ocrx_word' id='word_1_246' title='bbox 929 2682 1115 2728; x_wconf 90' lang='lat' dir='ltr'><strong>motus</strong></span> <span class='ocrx_word' id='word_1_247' title='bbox 1142 2671 1607 2746; x_wconf 80' lang='lat' dir='ltr'><strong>celeritatemque</strong></span> <span class='ocrx_word' id='word_1_248' title='bbox 1636 2672 1994 2750; x_wconf 88' lang='lat' dir='ltr'><strong>ingeniorum</strong></span> <span class='ocrx_word' id='word_1_249' title='bbox 2023 2693 2160 2750; x_wconf 88' lang='lat' dir='ltr'><strong>neg-</strong></span> 
     </span>
     <span class='ocr_line' id='line_1_31' title="bbox 178 2748 2262 2829; baseline 0.003 -24"><span class='ocrx_word' id='word_1_250' title='bbox 178 2748 475 2825; x_wconf 66' lang='lat' dir='ltr'><strong>ligemus?</strong></span> <span class='ocrx_word' id='word_1_251' title='bbox 541 2749 792 2810; x_wconf 83' lang='lat' dir='ltr'><strong>Quoties</strong></span> <span class='ocrx_word' id='word_1_252' title='bbox 831 2767 940 2826; x_wconf 90' lang='lat' dir='ltr'><strong>ego</strong></span> <span class='ocrx_word' id='word_1_253' title='bbox 992 2751 1149 2808; x_wconf 89' lang='lat' dir='ltr'><strong>hunc</strong></span> <span class='ocrx_word' id='word_1_254' title='bbox 1202 2749 1484 2807; x_wconf 88' lang='lat' dir='ltr'><strong>Archiam</strong></span> <span class='ocrx_word' id='word_1_255' title='bbox 1525 2750 1660 2826; x_wconf 66' lang='lat' dir='ltr'><strong>vidi,</strong></span> <span class='ocrx_word' id='word_1_256' title='bbox 1710 2751 1955 2827; x_wconf 74' lang='lat' dir='ltr'><strong>judice8‚</strong></span> <span class='ocrx_word' id='word_1_257' title='bbox 2001 2750 2156 2829; x_wconf 90' lang='lat' dir='ltr'><strong>(utar</strong></span> <span class='ocrx_word' id='word_1_258' title='bbox 2190 2758 2262 2811; x_wconf 77' lang='lat'><strong>30</strong></span> 
     </span>
     <span class='ocr_line' id='line_1_32' title="bbox 179 2827 2156 2905; baseline 0.003 -22"><span class='ocrx_word' id='word_1_259' title='bbox 179 2827 338 2885; x_wconf 88' lang='lat' dir='ltr'><strong>enim</strong></span> <span class='ocrx_word' id='word_1_260' title='bbox 381 2828 570 2884; x_wconf 74' lang='lat' dir='ltr'><strong>vestra</strong></span> <span class='ocrx_word' id='word_1_261' title='bbox 610 2829 985 2904; x_wconf 82' lang='lat' dir='ltr'><strong>benignitate,</strong></span> <span class='ocrx_word' id='word_1_262' title='bbox 1029 2828 1297 2904; x_wconf 88' lang='lat' dir='ltr'><strong>quoniam</strong></span> <span class='ocrx_word' id='word_1_263' title='bbox 1342 2847 1454 2899; x_wconf 89' lang='lat' dir='ltr'><strong>me,</strong></span> <span class='ocrx_word' id='word_1_264' title='bbox 1501 2830 1560 2886; x_wconf 89' lang='lat' dir='ltr'><strong>in</strong></span> <span class='ocrx_word' id='word_1_265' title='bbox 1604 2831 1713 2887; x_wconf 88' lang='lat' dir='ltr'><strong>hoc</strong></span> <span class='ocrx_word' id='word_1_266' title='bbox 1756 2849 1901 2888; x_wconf 87' lang='lat' dir='ltr'><strong>novo</strong></span> <span class='ocrx_word' id='word_1_267' title='bbox 1942 2849 2156 2905; x_wconf 88' lang='lat' dir='ltr'><strong>genere</strong></span> 
     </span>
     <span class='ocr_line' id='line_1_33' title="bbox 180 2895 2159 2985; baseline 0.002 -23"><span class='ocrx_word' id='word_1_268' title='bbox 180 2895 441 2977; x_wconf 88' lang='lat' dir='ltr'><strong>dicendi,</strong></span> <span class='ocrx_word' id='word_1_269' title='bbox 469 2915 587 2963; x_wconf 87' lang='lat' dir='ltr'><strong>tam</strong></span> <span class='ocrx_word' id='word_1_270' title='bbox 614 2907 919 2984; x_wconf 85' lang='lat' dir='ltr'><strong>diligenter</strong></span> <span class='ocrx_word' id='word_1_271' title='bbox 947 2907 1265 2985; x_wconf 87' lang='lat' dir='ltr'><strong>attenditis)</strong></span> <span class='ocrx_word' id='word_1_272' title='bbox 1297 2907 1517 2981; x_wconf 90' lang='lat' dir='ltr'><strong>quoties</strong></span> <span class='ocrx_word' id='word_1_273' title='bbox 1544 2927 1652 2985; x_wconf 91' lang='lat' dir='ltr'><strong>ego</strong></span> <span class='ocrx_word' id='word_1_274' title='bbox 1679 2909 1834 2966; x_wconf 90' lang='lat' dir='ltr'><strong>hunc</strong></span> <span class='ocrx_word' id='word_1_275' title='bbox 1863 2908 1999 2979; x_wconf 81' lang='lat' dir='ltr'><strong>vidi,</strong></span> <span class='ocrx_word' id='word_1_276' title='bbox 2021 2907 2159 2966; x_wconf 74' lang='lat' dir='ltr'><strong>cum</strong></span> 
     </span>
     <span class='ocr_line' id='line_1_34' title="bbox 178 2983 2157 3062; baseline 0.002 -22"><span class='ocrx_word' id='word_1_277' title='bbox 178 2983 412 3042; x_wconf 85' lang='lat' dir='ltr'><strong>literam</strong></span> <span class='ocrx_word' id='word_1_278' title='bbox 463 2985 783 3061; x_wconf 86' lang='lat' dir='ltr'><strong>scripsisset</strong></span> <span class='ocrx_word' id='word_1_279' title='bbox 834 2985 1070 3057; x_wconf 89' lang='lat' dir='ltr'><strong>nullam,</strong></span> <span class='ocrx_word' id='word_1_280' title='bbox 1125 3004 1398 3062; x_wconf 85' lang='lat' dir='ltr'><strong>magnum</strong></span> <span class='ocrx_word' id='word_1_281' title='bbox 1459 3005 1762 3044; x_wconf 89' lang='lat' dir='ltr'><strong>numerum</strong></span> <span class='ocrx_word' id='word_1_282' title='bbox 1813 2988 2157 3062; x_wconf 87' lang='lat' dir='ltr'><strong>optimorum</strong></span> 
     </span>
    </p>
   </div>
   <div class='ocr_carea' id='block_1_3' title="bbox 98 3063 2157 3140">
    <p class='ocr_par' dir='ltr' id='par_1_5' title="bbox 98 3063 2157 3140">
     <span class='ocr_line' id='line_1_35' title="bbox 98 3063 2157 3140; baseline 0.002 -22"><span class='ocrx_word' id='word_1_283' title='bbox 98 3130 107 3137; x_wconf 32' lang='grc' dir='ltr'>Ι</span> <span class='ocrx_word' id='word_1_284' title='bbox 179 3073 452 3121; x_wconf 74' lang='lat' dir='ltr'><strong>vei-suum</strong></span> <span class='ocrx_word' id='word_1_285' title='bbox 493 3063 568 3121; x_wconf 84' lang='lat' dir='ltr'><strong>de</strong></span> <span class='ocrx_word' id='word_1_286' title='bbox 608 3063 698 3121; x_wconf 88' lang='lat' dir='ltr'><strong>his</strong></span> <span class='ocrx_word' id='word_1_287' title='bbox 738 3064 875 3139; x_wconf 90' lang='lat' dir='ltr'><strong>ipsis</strong></span> <span class='ocrx_word' id='word_1_288' title='bbox 914 3065 1086 3122; x_wconf 83' lang='lat' dir='ltr'><strong>rebus</strong></span> <span class='ocrx_word' id='word_1_289' title='bbox 1124 3082 1250 3139; x_wconf 77' lang='lat' dir='ltr'><strong>quae</strong></span> <span class='ocrx_word' id='word_1_290' title='bbox 1304 3074 1429 3120; x_wconf 91' lang='lat' dir='ltr'><strong>tum</strong></span> <span class='ocrx_word' id='word_1_291' title='bbox 1483 3076 1809 3140; x_wconf 83' lang='lat' dir='ltr'><strong>agerentur,</strong></span> <span class='ocrx_word' id='word_1_292' title='bbox 1851 3064 2046 3121; x_wconf 91' lang='lat' dir='ltr'><strong>dicere</strong></span> <span class='ocrx_word' id='word_1_293' title='bbox 2086 3085 2157 3123; x_wconf 86' lang='lat' dir='ltr'><strong>ex</strong></span> 
     </span>
    </p>
   </div>
   <div class='ocr_carea' id='block_1_4' title="bbox 180 3142 2261 3926">
    <p class='ocr_par' dir='ltr' id='par_1_6' title="bbox 180 3142 2261 3532">
     <span class='ocr_line' id='line_1_36' title="bbox 184 3142 2261 3218; baseline 0.002 -24"><span class='ocrx_word' id='word_1_294' title='bbox 184 3146 468 3218; x_wconf 54' lang='lat' dir='ltr'><strong>ammorii!</strong></span> <span class='ocrx_word' id='word_1_295' title='bbox 516 3146 733 3216; x_wconf 58' lang='lat' dir='ltr'><strong>quoties</strong></span> <span class='ocrx_word' id='word_1_296' title='bbox 765 3157 1089 3199; x_wconf 57' lang='lat' dir='ltr'><strong>reum-itum</strong></span> <span class='ocrx_word' id='word_1_297' title='bbox 1128 3143 1374 3200; x_wconf 90' lang='lat' dir='ltr'><strong>eandem</strong></span> <span class='ocrx_word' id='word_1_298' title='bbox 1401 3161 1521 3200; x_wconf 89' lang='lat' dir='ltr'><strong>rem</strong></span> <span class='ocrx_word' id='word_1_299' title='bbox 1550 3142 1765 3213; x_wconf 90' lang='lat' dir='ltr'><strong>dicere,</strong></span> <span class='ocrx_word' id='word_1_300' title='bbox 1796 3144 2158 3199; x_wconf 87' lang='lat' dir='ltr'><strong>commutatis</strong></span> <span class='ocrx_word' id='word_1_301' title='bbox 2190 3147 2261 3199; x_wconf 88' lang='lat'><strong>35</strong></span> 
     </span>
     <span class='ocr_line' id='line_1_37' title="bbox 184 3219 2159 3298; baseline 0.001 -24"><span class='ocrx_word' id='word_1_302' title='bbox 184 3222 368 3278; x_wconf 57' lang='lat' dir='ltr'><strong>verl‘sis</strong></span> <span class='ocrx_word' id='word_1_303' title='bbox 404 3234 568 3294; x_wconf 65' lang='lat' dir='ltr'><strong>atque</strong></span> <span class='ocrx_word' id='word_1_304' title='bbox 600 3226 929 3278; x_wconf 52' lang='lat' dir='ltr'><strong>sminzfniisl</strong></span> <span class='ocrx_word' id='word_1_305' title='bbox 977 3241 1097 3298; x_wconf 81' lang='lat' dir='ltr'><strong>quae</strong></span> <span class='ocrx_word' id='word_1_306' title='bbox 1125 3219 1259 3278; x_wconf 69' lang='lat' dir='ltr'><strong>vero</strong></span> <span class='ocrx_word' id='word_1_307' title='bbox 1291 3220 1562 3290; x_wconf 70' lang='lat' dir='ltr'><strong>accurate</strong></span> <span class='ocrx_word' id='word_1_308' title='bbox 1594 3219 1957 3298; x_wconf 72' lang='lat' dir='ltr'><strong>cogitateque</strong></span> <span class='ocrx_word' id='word_1_309' title='bbox 1986 3223 2159 3296; x_wconf 86' lang='lat' dir='ltr'><strong>scrip-</strong></span> 
     </span>
     <span class='ocr_line' id='line_1_38' title="bbox 184 3298 2158 3376; baseline 0.001 -22"><span class='ocrx_word' id='word_1_310' title='bbox 184 3302 368 3366; x_wconf 58' lang='lat' dir='ltr'><strong>sisset.</strong></span> <span class='ocrx_word' id='word_1_311' title='bbox 400 3318 468 3356; x_wconf 70' lang='lat' dir='ltr'><strong>ea</strong></span> <span class='ocrx_word' id='word_1_312' title='bbox 512 3302 596 3358; x_wconf 75' lang='lat' dir='ltr'><strong>sic</strong></span> <span class='ocrx_word' id='word_1_313' title='bbox 641 3302 753 3354; x_wconf 66' lang='lat' dir='ltr'><strong>vidi</strong></span> <span class='ocrx_word' id='word_1_314' title='bbox 797 3302 1037 3374; x_wconf 59' lang='lat' dir='ltr'><strong>promsi,</strong></span> <span class='ocrx_word' id='word_1_315' title='bbox 1068 3310 1131 3357; x_wconf 87' lang='lat' dir='ltr'><strong>ut</strong></span> <span class='ocrx_word' id='word_1_316' title='bbox 1169 3301 1239 3356; x_wconf 91' lang='lat' dir='ltr'><strong>ad</strong></span> <span class='ocrx_word' id='word_1_317' title='bbox 1278 3312 1533 3357; x_wconf 87' lang='lat' dir='ltr'><strong>veterum</strong></span> <span class='ocrx_word' id='word_1_318' title='bbox 1561 3299 1900 3376; x_wconf 86' lang='lat' dir='ltr'><strong>scriptorum</strong></span> <span class='ocrx_word' id='word_1_319' title='bbox 1927 3298 2158 3356; x_wconf 92' lang='lat' dir='ltr'><strong>laudem</strong></span> 
     </span>
     <span class='ocr_line' id='line_1_39' title="bbox 184 3378 2157 3454; baseline 0.001 -22"><span class='ocrx_word' id='word_1_320' title='bbox 184 3382 560 3450; x_wconf 56' lang='lat' dir='ltr'><strong>prerrsnirsnt..</strong></span> <span class='ocrx_word' id='word_1_321' title='bbox 653 3378 821 3434; x_wconf 73' lang='lat' dir='ltr'><strong>llum:</strong></span> <span class='ocrx_word' id='word_1_322' title='bbox 869 3402 973 3454; x_wconf 55' lang='lat' dir='ltr'><strong>wgo</strong></span> <span class='ocrx_word' id='word_1_323' title='bbox 1033 3398 1143 3436; x_wconf 89' lang='lat' dir='ltr'><strong>non</strong></span> <span class='ocrx_word' id='word_1_324' title='bbox 1185 3378 1468 3454; x_wconf 62' lang='lat' dir='ltr'><strong>diligam?</strong></span> <span class='ocrx_word' id='word_1_325' title='bbox 1536 3398 1650 3436; x_wconf 92' lang='lat' dir='ltr'><strong>non</strong></span> <span class='ocrx_word' id='word_1_326' title='bbox 1692 3378 1981 3435; x_wconf 66' lang='lat' dir='ltr'><strong>admirer?</strong></span> <span class='ocrx_word' id='word_1_327' title='bbox 2040 3397 2157 3435; x_wconf 89' lang='lat' dir='ltr'><strong>non</strong></span> 
     </span>
     <span class='ocr_line' id='line_1_40' title="bbox 180 3442 1636 3532; baseline -0.001 -18"><span class='ocrx_word' id='word_1_328' title='bbox 180 3458 334 3514; x_wconf 68' lang='lat' dir='ltr'><strong>omni</strong></span> <span class='ocrx_word' id='word_1_329' title='bbox 368 3442 588 3514; x_wconf 42' lang='lat' dir='ltr'><strong>&amp;wirne</strong></span> <span class='ocrx_word' id='word_1_330' title='bbox 621 3458 1041 3514; x_wconf 50' lang='lat' dir='ltr'><strong>d131&#39;12mhffmlum</strong></span> <span class='ocrx_word' id='word_1_331' title='bbox 1067 3459 1302 3532; x_wconf 71' lang='lat' dir='ltr'><strong>putem?</strong></span> <span class='ocrx_word' id='word_1_332' title='bbox 1629 3459 1636 3466; x_wconf 83' lang='lat'>&#39;</span> 
     </span>
    </p>

    <p class='ocr_par' dir='ltr' id='par_1_7' title="bbox 180 3534 2261 3926">
     <span class='ocr_line' id='line_1_41' title="bbox 248 3534 2261 3611; baseline -0.001 -21"><span class='ocrx_word' id='word_1_333' title='bbox 248 3534 440 3610; x_wconf 68' lang='lat' dir='ltr'><strong>&#39;Atqui</strong></span> <span class='ocrx_word' id='word_1_334' title='bbox 496 3538 580 3590; x_wconf 60' lang='lat' dir='ltr'><strong>sii:</strong></span> <span class='ocrx_word' id='word_1_335' title='bbox 625 3554 657 3590; x_wconf 67' lang='lat' dir='ltr'><strong>u</strong></span> <span class='ocrx_word' id='word_1_336' title='bbox 697 3542 930 3590; x_wconf 58' lang='lat' dir='ltr'><strong>summis</strong></span> <span class='ocrx_word' id='word_1_337' title='bbox 989 3535 1310 3593; x_wconf 78' lang='lat' dir='ltr'><strong>hominibus</strong></span> <span class='ocrx_word' id='word_1_338' title='bbox 1366 3535 1877 3610; x_wconf 81' lang='lat' dir='ltr'><strong>eruditissimisque</strong></span> <span class='ocrx_word' id='word_1_339' title='bbox 1935 3535 2158 3611; x_wconf 81' lang='lat' dir='ltr'><strong>accepi·</strong></span> <span class='ocrx_word' id='word_1_340' title='bbox 2190 3534 2261 3588; x_wconf 84' lang='grc'><strong>40</strong></span> 
     </span>
     <span class='ocr_line' id='line_1_42' title="bbox 184 3613 2159 3690; baseline 0.002 -24"><span class='ocrx_word' id='word_1_341' title='bbox 184 3634 332 3682; x_wconf 64' lang='lat' dir='ltr'><strong>mus,</strong></span> <span class='ocrx_word' id='word_1_342' title='bbox 372 3634 713 3670; x_wconf 54' lang='lat' dir='ltr'><strong>nummarium</strong></span> <span class='ocrx_word' id='word_1_343' title='bbox 765 3638 949 3670; x_wconf 63' lang='lat' dir='ltr'><strong>rorum</strong></span> <span class='ocrx_word' id='word_1_344' title='bbox 997 3613 1202 3684; x_wconf 72' lang='lat' dir='ltr'><strong>studia,</strong></span> <span class='ocrx_word' id='word_1_345' title='bbox 1245 3623 1302 3670; x_wconf 85' lang='lat' dir='ltr'><strong>et</strong></span> <span class='ocrx_word' id='word_1_346' title='bbox 1344 3613 1626 3684; x_wconf 71' lang='lat' dir='ltr'><strong>doctrina,</strong></span> <span class='ocrx_word' id='word_1_347' title='bbox 1656 3624 1713 3671; x_wconf 92' lang='lat' dir='ltr'><strong>et</strong></span> <span class='ocrx_word' id='word_1_348' title='bbox 1752 3613 2069 3690; x_wconf 73' lang='lat' dir='ltr'><strong>praeceptiS‚</strong></span> <span class='ocrx_word' id='word_1_349' title='bbox 2100 3624 2159 3671; x_wconf 93' lang='lat' dir='ltr'><strong>et</strong></span> 
     </span>
     <span class='ocr_line' id='line_1_43' title="bbox 188 3692 2157 3770; baseline 0.004 -27"><span class='ocrx_word' id='word_1_350' title='bbox 188 3706 304 3750; x_wconf 72' lang='lat' dir='ltr'><strong>arte</strong></span> <span class='ocrx_word' id='word_1_351' title='bbox 348 3710 645 3762; x_wconf 39' lang='lat' dir='ltr'><strong>etii-star&amp;</strong></span> <span class='ocrx_word' id='word_1_352' title='bbox 693 3702 913 3770; x_wconf 60' lang='grc' dir='ltr'>Ικπῖ-ππιπι</span> <span class='ocrx_word' id='word_1_353' title='bbox 965 3692 1164 3750; x_wconf 73' lang='lat' dir='ltr'><strong>natura</strong></span> <span class='ocrx_word' id='word_1_354' title='bbox 1206 3693 1325 3768; x_wconf 69' lang='lat' dir='ltr'><strong>ipsa</strong></span> <span class='ocrx_word' id='word_1_355' title='bbox 1356 3693 1567 3761; x_wconf 83' lang='lat' dir='ltr'><strong>valere,</strong></span> <span class='ocrx_word' id='word_1_356' title='bbox 1596 3702 1655 3748; x_wconf 91' lang='lat' dir='ltr'><strong>et</strong></span> <span class='ocrx_word' id='word_1_357' title='bbox 1694 3692 1903 3749; x_wconf 89' lang='lat' dir='ltr'><strong>mentis</strong></span> <span class='ocrx_word' id='word_1_358' title='bbox 1944 3692 2157 3750; x_wconf 80' lang='lat' dir='ltr'><strong>viribus</strong></span> 
     </span>
     <span class='ocr_line' id='line_1_44' title="bbox 184 3769 2159 3846; baseline 0.002 -20"><span class='ocrx_word' id='word_1_359' title='bbox 184 3770 444 3842; x_wconf 63' lang='lat' dir='ltr'><strong>excitari,</strong></span> <span class='ocrx_word' id='word_1_360' title='bbox 476 3786 532 3826; x_wconf 69' lang='lat' dir='ltr'><strong>m</strong></span> <span class='ocrx_word' id='word_1_361' title='bbox 572 3774 733 3844; x_wconf 55' lang='lat' dir='ltr'><strong>&gt;quasi</strong></span> <span class='ocrx_word' id='word_1_362' title='bbox 777 3774 969 3826; x_wconf 55' lang='lat' dir='ltr'><strong>elii-itm</strong></span> <span class='ocrx_word' id='word_1_363' title='bbox 1009 3771 1251 3846; x_wconf 82' lang='lat' dir='ltr'><strong>quodam</strong></span> <span class='ocrx_word' id='word_1_364' title='bbox 1294 3771 1496 3845; x_wconf 86' lang='lat' dir='ltr'><strong>spiritu</strong></span> <span class='ocrx_word' id='word_1_365' title='bbox 1537 3769 1741 3827; x_wconf 89' lang='lat' dir='ltr'><strong>inflari.</strong></span> <span class='ocrx_word' id='word_1_366' title='bbox 1823 3770 2028 3831; x_wconf 82' lang='lat' dir='ltr'><strong>Quare</strong></span> <span class='ocrx_word' id='word_1_367' title='bbox 2055 3791 2159 3830; x_wconf 90' lang='lat' dir='ltr'><strong>suo</strong></span> 
     </span>
     <span class='ocr_line' id='line_1_45' title="bbox 180 3846 2157 3926; baseline 0.003 -24"><span class='ocrx_word' id='word_1_368' title='bbox 180 3846 308 3922; x_wconf 70' lang='lat' dir='ltr'><strong>jure</strong></span> <span class='ocrx_word' id='word_1_369' title='bbox 348 3866 540 3910; x_wconf 55' lang='lat' dir='ltr'><strong>nah-flur</strong></span> <span class='ocrx_word' id='word_1_370' title='bbox 588 3850 677 3906; x_wconf 68' lang='lat' dir='ltr'><strong>illu.</strong></span> <span class='ocrx_word' id='word_1_371' title='bbox 725 3853 945 3906; x_wconf 56' lang='lat' dir='ltr'><strong>Ennius</strong></span> <span class='ocrx_word' id='word_1_372' title='bbox 989 3860 1214 3907; x_wconf 75' lang='lat' dir='ltr'><strong>sanctos</strong></span> <span class='ocrx_word' id='word_1_373' title='bbox 1256 3848 1501 3924; x_wconf 86' lang='lat' dir='ltr'><strong>appellat</strong></span> <span class='ocrx_word' id='word_1_374' title='bbox 1544 3853 1763 3923; x_wconf 67' lang='lat' dir='ltr'><strong>poetas,</strong></span> <span class='ocrx_word' id='word_1_375' title='bbox 1800 3848 1955 3925; x_wconf 75' lang='lat' dir='ltr'><strong>quod</strong></span> <span class='ocrx_word' id='word_1_376' title='bbox 1994 3851 2157 3926; x_wconf 87' lang='lat' dir='ltr'><strong>quasi</strong></span> 
     </span>
    </p>
   </div>
  </div>
 </body>
</html>
