2667 4242
345 318 429 379 ω
876 312 1150 364 ORATIO
1193 313 1335 364 PRO
1379 314 1577 364 REGE
1625 313 2015 365 DEIOTARO.

443 462 812 519 vehementer
849 457 1131 528 offensos3
1172 458 1371 535 plaudi
1406 458 1512 515 tibi
1537 478 1656 516 non
1683 458 1882 516 solere.
1965 457 2104 517 Non
2134 458 2445 536 mtenigis,

444 539 663 610 Caesar,
684 560 755 598 ex
784 536 1019 596 urbanis
1046 538 1454 595 malevolorum
1480 537 1866 595 sermunculis
1891 539 2018 595 haec
2047 538 2168 595 ab·
2151 539 2277 596 istis
2303 558 2446 595 esso

445 619 729 677 collecta?
797 616 1121 676 Blesamius
1159 626 1467 692 tyrannum
1508 616 1804 674 Caesarem
1844 604 2196 676 scriberet?
2227 618 2444 675 multo-

444 716 573 755 rum
600 699 757 755 enim
785 696 999 754 civium
1028 695 1220 772 capita
1246 696 1502 764 viderat3
1545 696 1758 753 multos
1792 695 1957 772 jussu
1984 696 2239 754 Caesaris
2267 716 2447 753 vexa-

379 784 417 838 5
445 786 552 846 tos,
594 778 940 846 verberatos,
980 785 1249 844 necatos;
1292 775 1503 831 multas
1544 774 1789 833 afflictas
1827 783 1887 832 et
1925 793 2158 833 eversas
2197 776 2443 846 domos3

447 855 682 913 armatis
708 855 987 912 militibus
1012 853 1287 911 refertum
1315 853 1517 911 forum.
1598 852 1756 916 Quae
1787 871 2010 930 semper
2038 853 2101 911 in
2130 854 2293 912 civili
2320 854 2447 912 vic-

445 935 591 992 toria
618 934 923 1004 sensimus,
950 952 1042 1004 ea,
1070 943 1130 990 ts
1156 932 1393 1003 victore,
1422 952 1538 990 non
1565 932 1831 990 vidimus.

525 1013 715 1083 Solus,
744 1012 1000 1088 inquam,
1040 1030 1124 1083 es,
1159 1011 1270 1069 Cai
1312 1012 1531 1082 Coesar,
1560 1011 1727 1087 cujus
1768 1011 1827 1069 in
1868 1010 2109 1069 victoria
2150 1011 2448 1071 ceciderit

446 1111 635 1162 nemo,
664 1092 776 1150 nisi
818 1102 1089 1150 armatus.
1170 1090 1267 1162 Et,
1296 1108 1469 1166 quem
1507 1109 1613 1149 nos
1652 1090 1842 1163 liberi,
1871 1090 1932 1149 in
1970 1090 2199 1147 summa
2241 1090 2446 1167 populi

351 1176 417 1231 lo
454 1170 702 1229 Romani
742 1170 1007 1229 libertate
1045 1169 1189 1240 nati,
1217 1189 1333 1227 nou
1375 1167 1545 1232 modo
1587 1188 1702 1227 non
1742 1168 2071 1245 tyrannum,
2110 1169 2217 1226 sed
2259 1170 2446 1227 etiam

446 1269 501 1307 c
504 1250 960 1308 ementissimum
1001 1248 1061 1307 in
1101 1248 1363 1319 victoria,
1392 1247 1692 1318 ducimus;
1736 1249 1785 1306 is
1822 1248 2131 1320 Blesamio,
2163 1249 2268 1323 qui
2295 1249 2445 1305 vivit

446 1329 508 1387 in
536 1349 735 1406 regno,
763 1341 1046 1417 tyrannus
1066 1326 1248 1384 videri
1287 1328 1510 1404 potest?
1580 1326 1737 1384 Nam
1777 1328 1851 1384 de
1891 1327 2081 1385 statua
2123 1327 2258 1401 quis
2298 1347 2447 1402 que-

446 1409 610 1478 ritur,
640 1427 757 1466 una
797 1405 1131 1496 praesertim,
1160 1424 1298 1463 οιιιιι
1342 1416 1460 1463 tam
1496 1405 1707 1463 multas
1748 1406 1983 1464 videat?
2051 1404 2247 1464 Valde
2277 1407 2446 1464 enim

448 1453 823 1545 invid’endum
875 1496 963 1543 est
1015 1485 1141 1562 ejus
1192 1485 1418 1556 statuiS,
1459 1484 1627 1561 cujus
1665 1485 1891 1562 tropaeis
1930 1503 2045 1544 non
2086 1484 2442 1542 invidemus·

348 1567 419 1621 15
447 1565 507 1622 N
513 1585 625 1635 am
667 1567 714 1623 si
757 1565 919 1623 locus
962 1564 1126 1621 affert
1166 1564 1464 1634 invidiam,
1492 1563 1685 1621 nullus
1724 1564 1887 1622 locus
1926 1572 2033 1635 est,
2077 1564 2152 1621 ad
2180 1573 2444 1621 statuam

448 1645 702 1720 quidem,
724 1643 954 1702 Rostris
981 1643 1205 1701 clarior.
1274 1642 1368 1701 De
1394 1642 1598 1720 plausu
1627 1653 1821 1700 autem
1847 1644 1985 1718 quid
2012 1643 2442 1719 respondeam?

446 1724 545 1799 qui
587 1742 699 1781 nec
738 1723 1097 1782 desideratus
1128 1741 1384 1798 unquam
1412 1741 1449 1779 a
1471 1732 1531 1779 te
1558 1732 1665 1793 est,
1693 1732 1752 1780 et
1778 1738 2214 1796 nonnunquam,
2243 1723 2446 1779 obstu-

445 1803 690 1879 pefactis
717 1801 1064 1872 hominibus,
1095 1801 1217 1878 ipsa
1258 1800 1637 1859 admiratione
1678 1820 2036 1878 compressus
2076 1810 2195 1871 est;
2240 1811 2302 1858 et
2328 1801 2445 1858 for-

360 1936 367 1942 ,
447 1891 600 1940 tasse
639 1879 711 1940 eo
751 1880 1184 1959 praetermissus‚
1225 1880 1366 1956 quia
1403 1880 1548 1938 nihil
1594 1880 1830 1957 vulgare
1868 1890 1927 1938 te
1968 1879 2209 1957 dignum
2252 1879 2442 1938 videri

347 1968 421 2024 20
518 1970 645 2019 test.

446 1981 707 2098 poXIII.
775 2038 941 2097 Nihil
985 2057 1020 2095 a
1058 2057 1153 2096 me
1194 2038 1436 2096 arbitror
1474 2037 1937 2115 praetermissum,
1966 2036 2066 2094 sed
2108 2036 2329 2112 aliquid
2364 2037 2441 2095 ad

448 2131 765 2179 extremam
807 2138 998 2177 causae
1037 2128 1259 2195 partem
1301 2127 1671 2176 reservatum.
1755 2116 1824 2173 Id
1856 2126 2048 2174 autem
2078 2115 2300 2190 aliquid
2326 2125 2443 2188 est,

450 2209 511 2258 te
538 2211 603 2258 ut
626 2199 797 2276 plane
828 2198 1103 2257 Deiotaro
1143 2196 1481 2255 reconciliet
1513 2195 1696 2259 oratio
1721 2214 1869 2254 mea.
1952 2195 2089 2253 Νοιι
2115 2195 2277 2253 enim
2313 2195 2444 2272 jam

452 2289 665 2350 metuo,
693 2298 768 2337 ne
807 2289 872 2335 tu
914 2277 997 2335 illi
1037 2294 1419 2334 succenseas.
1462 2275 1604 2332 illud
1632 2294 1847 2346 vereor,
1876 2295 1951 2333 ne
1977 2274 2084 2332 tibi
2112 2274 2278 2331 illum
2306 2294 2445 2332 suc·-

350 2362 421 2417 25
452 2377 691 2415 censere
715 2357 932 2431 aliquid
958 2356 1283 2446 suspicere.
1324 2355 1478 2430 quod
1507 2355 1669 2412 abest
1691 2351 2045 2443 longissime,
2064 2352 2208 2410 mihi
2236 2354 2443 2424 crede,

452 2436 668 2494 Caesar.
748 2434 916 2496 Quid
972 2435 1129 2493 enim
1186 2434 1433 2492 retineat
1485 2453 1587 2510 per
1642 2442 1721 2504 te,
1779 2432 2062 2504 meminit,
2117 2451 2234 2490 non
2293 2433 2444 2508 quid

453 2514 746 2572 amiserit:
787 2532 974 2588 neque
1014 2533 1078 2570 se
1120 2532 1155 2570 a
1192 2523 1252 2570 te
1292 2512 1597 2569 multatum
1639 2511 1979 2582 arbitratur;
2021 2510 2143 2582 sed,
2172 2508 2313 2568 cum
2342 2530 2446 2569 ex-

424 2592 750 2663 istimaret,
792 2591 988 2649 multis
1031 2591 1138 2650 tibi
1184 2592 1367 2649 multa
1406 2611 1533 2649 esse
1572 2590 1897 2662 tribuenda,
1926 2589 2232 2671 quominus
2275 2608 2312 2646 a
2351 2609 2442 2661 se,

451 2670 550 2745 qui
593 2670 654 2729 in
695 2670 875 2728 altera
913 2681 1074 2747 parte
1115 2670 1334 2741 fuisset,
1364 2690 1437 2729 ea
1464 2689 1738 2741 sumereS,
1767 2690 1883 2728 non
1911 2669 2214 2727 recusavit.
2299 2669 2446 2727 Ete-

349 2759 422 2814 30
452 2749 593 2820 nim,
622 2749 671 2807 si
713 2749 1042 2807 Antiochus
1082 2748 1336 2826 Magnus
1365 2748 1480 2821 ille,
1508 2769 1610 2808 rex
1637 2750 1815 2820 Asiae,
1846 2767 2004 2820 cum,
2031 2758 2230 2824 postea
2256 2767 2443 2822 quam

454 2849 488 2887 a
529 2829 803 2906 Scipione
843 2828 1122 2900 devictus,
1152 2828 1355 2887 Tauro
1393 2839 1563 2886 tenus
1603 2847 1847 2905 regnare
1881 2827 2075 2904 jussus
2114 2837 2290 2898 esset,
2317 2846 2444 2885 om-

452 2927 699 2984 nemque
727 2910 880 2966 hanc
907 2908 1132 2979 Asiam,
1162 2927 1289 2982 quae
1330 2917 1418 2965 est
1457 2926 1615 2969 nunc
1652 2917 1845 2965 nostra
1871 2906 2185 2983 provincia,
2215 2906 2444 2964 amisis-

452 2999 560 3059 set,
590 2988 686 3045 dic
722 3007 785 3045 re
827 2996 914 3044 est
957 2987 1175 3058 solituS,
1204 2984 1468 3063 Benigne
1513 2987 1625 3045 sibi
1670 3005 1705 3043 a
1744 2987 1952 3063 populo
1994 2985 2266 3044 Romano
2308 3004 2444 3044 csse

334 3080 353 3095 ²
454 3068 670 3125 factum
676 3007 901 3157 ,Ῠᾳιιόῲ
931 3065 1104 3124 nimis
1147 3084 1242 3122 ma
1322 3066 1360 3122 a
1401 3064 1801 3140 procuratione
1844 3065 2121 3122 liberatus
2187 3064 2444 3123 modicis

349 3154 420 3208 35
453 3147 616 3224 regni
654 3145 918 3204 terminis
956 3155 1246 3214 uteretur,
1303 3154 1487 3221 potest
1527 3143 1708 3202 multo
1751 3142 1983 3202 facilius
2022 3163 2084 3201 se
2221 3143 2448 3202 iotams

453 3225 751 3284 consolari.
836 3223 943 3282 Ille
972 3225 1128 3282 enim
1158 3224 1363 3283 suroris
1401 3223 1640 3280 multam
1684 3223 2053 3293 sustinuerat,
2082 3221 2181 3279 hic
2207 3222 2444 3281 erroris.

450 3305 670 3363 Omnia
711 3314 775 3362 tu
816 3303 1110 3374 Deiotaro,
1139 3302 1358 3371 Caesar,
1387 3301 1658 3373 tribuisti,
1688 3321 1825 3359 cum
1867 3311 1925 3358 et
1965 3301 2072 3378 ipsi
2108 3311 2167 3358 et
2194 3300 2317 3358 filio
2340 3320 2446 3359 no-

450 3402 586 3441 men
627 3383 851 3459 regium
892 3380 1244 3440 concessisti.
1328 3380 1463 3437 Hoc
1502 3380 1735 3438 nomine
1762 3391 1986 3438 retento
2013 3390 2182 3455 atque
2211 3396 2450 3438 conser-

451 3472 602 3533 vato,
643 3463 867 3519 nullum
922 3460 1271 3519 beneficium
1322 3459 1516 3535 populi
1570 3459 1846 3529 Romani,
1889 3459 2113 3516 nullum
2148 3457 2508 3541 judicum.

352 3545 422 3599 40
453 3541 526 3598 de
567 3560 629 3598 se
669 3541 923 3612 senatus,
967 3540 1334 3597 imminutum
1389 3548 1569 3629 putat..
1651 3537 1871 3614 Magno
1912 3538 2107 3595 animo
2146 3546 2205 3593 et
2241 3526 2476 3609 ποθῇ-

451 3630 571 3689 est;
616 3640 726 3678 nec
753 3639 1008 3695 unquam
1037 3618 1424 3676 succumbet
1410 3616 1682 3688 mimicis,
1712 3637 1786 3674 ne
1815 3616 2055 3674 fortunae
2085 3615 2342 3690 quidem

533 3698 723 3787 Multa
763 3719 825 3756 se
868 3699 1175 3756 arbitratur
1217 3709 1275 3754 et
1326 3696 1613 3778 peperisse
1658 3695 1981 3766 antefactiS,
2023 3705 2082 3751 et
2122 3694 2342 3752 habere
2379 3690 2452 3759 112

338 3778 359 3831 Ι
455 3774 647 3832 animo
688 3786 856 3850 atque
897 3776 1124 3845 virtute,
1153 3794 1280 3849 quae
1324 3774 1483 3831 nullo
1522 3770 1693 3830 modo
1715 3774 1892 3847 possit
1919 3773 2207 3829 amittere?
2283 3772 2450 3834 ΟΜ

453 3852 611 3910 enim
654 3852 898 3924 fortuna,
943 3864 1044 3910 aut
1090 3853 1219 3927 quis
1261 3871 1451 3922 casus,
1483 3861 1581 3908 aut
1626 3869 1753 3925 quae
1796 3860 1959 3918 tanta
1998 3850 2176 3927 possit
2207 3849 2468 3927 injuria,

331 3708 347 3715 0
392 3695 435 3711 ν’

580 4130 887 4212 Α
