2667 4242
672 306 945 357 ORATIO
992 307 1132 359 PRO
1174 307 1369 358 LEGE
1411 306 1745 358 MANILIA.
1785 263 1792 269 ‘
2221 308 2302 368 49

233 450 583 530 diligentius,
620 471 719 510 rex
749 452 868 527 ipse
894 471 928 509 e
970 451 1236 508 manibus
1278 451 1496 528 effugit.
1580 450 1674 508 Ita
1720 450 1882 509 illum
1930 449 1990 509 in
2016 469 2203 527 perse·

231 533 445 608 quendi
470 532 658 590 studio
684 550 907 602 moeror,
938 531 1040 588 hos
1081 530 1297 601 laetitia,
1324 530 1650 588 retardavit.

313 611 510 682 Hunc,
557 611 654 668 in·
672 610 769 667 illo
810 611 1013 667 timore
1055 625 1112 667 et
1157 608 1314 685 fuga,
1359 609 1669 686 Tigranes,
1714 627 1814 666 rex
1867 607 2200 678 Armenius,

232 691 476 779 excepit,
520 689 984 762 diffidentemque
1029 689 1199 745 rebus
1241 689 1362 745 suis
1403 688 1780 758 confirmavit,
1824 697 1882 744 et
1926 652 2201 743 affiictuni
2364 702 2600 801 χ

230 770 430 838 erexit,
457 768 853 844 perditumque
883 767 1178 824 recreavit.
1261 767 1488 841 Cujus
1474 787 1535 824 m
1563 784 1804 843 regnum
1831 776 2200 841 posteaquam
2264 770 2300 822 5

198 846 203 851 ⁴
234 846 300 904 L.
329 846 609 904 Lucullus
635 864 770 903 cum
798 846 1055 902 exercitu
1087 846 1263 916 venit,
1305 846 1499 921 plures
1539 844 1716 901 etiam
1760 856 1961 921 gentes
1975 855 2203 918 ,contra

227 926 630 1001 imperatorem
652 935 908 982 nostrum
929 924 1231 982 concitatae
1253 934 1403 981 sunt.
1485 923 1629 980 Erat
1644 923 1800 981 enim
1818 933 2006 979 metus
2028 922 2203 998 injec-
2257 934 2264 939 '

224 1014 323 1061 tus
363 1003 824 1074 iis-nationibuS,
868 1022 1010 1078 quas
1052 1021 1346 1078 nunquam
1389 1002 1627 1092 populus
1669 1001 1969 1059 Romanus
2016 1019 2201 1075 neque

223 1082 599 1140 lacessendas
640 1081 789 1138 bello
816 1101 1000 1156 neque
1040 1083 1344 1138 tentandas
1384 1080 1621 1156 putavit.
1704 1080 1847 1140 Erat
1885 1080 2058 1136 etiam
2088 1080 2202 1136 alia

224 1162 423 1237 gravis
452 1172 620 1235 atque
662 1161 968 1217 vehemens
1009 1159 1221 1235 opinio,
1258 1179 1384 1235 quae
1426 1179 1525 1235 per
1560 1159 1777 1215 animos
1804 1159 2058 1233 gentium
2077 1159 2201 1214 bar·
2233 1167 2300 1221 10

225 1239 502 1295 hararum
529 1249 872 1314 pervaserat,
902 1237 1019 1295 fani
1062 1238 1492 1314 locupletissimi
1520 1248 1578 1294 et
1617 1236 2026 1314 religiosissimi
2069 1237 2204 1293 diri-

221 1318 427 1394 piendi
455 1318 633 1375 causa
663 1317 723 1374 in
750 1335 850 1373 eas
884 1336 1013 1374 oras
1052 1328 1307 1374 nostrum
1348 1316 1663 1374 exercitum
1705 1334 1831 1372 esse
1872 1315 2202 1372 adductum.

137 1412 149 1421 ·
222 1395 323 1453 Ita
349 1396 611 1465 nationes
637 1395 830 1451 multae
860 1406 1027 1471 atque
1055 1414 1279 1473 magnae
1297 1415 1444 1453 novo
1458 1395 1701 1483 quodam
1724 1404 1937 1451 terrore
1957 1412 2027 1450 ac
2047 1405 2202 1451 metu

223 1460 685 1532 concitabantur.
723 1472 966 1531 .Noster
989 1484 1181 1531 autem
1201 1474 1509 1544 exercituS,
1531 1473 1639 1531 etsi
1669 1474 1869 1529 urbem
1896 1491 1969 1529 ex
1996 1471 2203 1549 Τ1313-

222 1555 320 1612 1115
348 1573 524 1630 regno
551 1562 801 1629 ceperat,
830 1562 890 1609 et
927 1553 1142 1628 proeliis
1170 1572 1306 1611 usus
1333 1564 1458 1610 erat
1484 1552 1773 1623 secundiS,
1801 1561 1993 1619 tamen
2023 1551 2202 1608 nimia
2233 1556 2300 1609 15

223 1632 641 1708 longinquitate
669 1631 943 1701 locorum,
973 1650 1043 1689 ac
1070 1632 1357 1689 desiderio
1382 1650 1635 1702 suorum,
1664 1597 2143 1688 commovebatur.

234 1722 243 1731 ’
309 1711 470 1768 Hic
451 1729 569 1786 Jam
596 1711 760 1786 plura
787 1730 900 1767 non
930 1710 1138 1767 dicam.
1184 1710 1366 1803 Fuit
1387 1711 1545 1768 enim
1575 1677 1716 1767 illud
1756 1720 2096 1779 extremum,
2140 1718 2203 1766 ut

223 1809 300 1846 ex
327 1790 397 1847 iis
424 1789 565 1847 locis
594 1809 628 1846 3
670 1789 946 1846 militibus
989 1773 1212 1847 nostris
1237 1791 1456 1846 reditus
1496 1789 1683 1865 magis
1723 1800 1999 1857 maturuS,
2027 1785 2202 1862 quam

223 1868 513 1944 processio
554 1867 794 1944 longior,
838 1878 1204 1942 quaerer-etur.
1289 1868 1658 1925 Mithridates
1706 1878 1897 1924 autem
1940 1878 1999 1924 et
2038 1885 2200 1923 suam

205 1960 462 2003 ‘manum
484 1946 605 2022 jam
633 1946 1031 2021 3031113131313
1074 1957 1133 2003 et
1159 1966 1356 2003 eorum
1396 1947 1493 2021 qui
1536 1965 1598 2003 se
1624 1965 1704 2003 ex·
1722 1946 1846 2021 ejus
1885 1964 2064 2020 regno
2091 1945 2202 2002 col·
2228 1946 2301 2009 20

223 2025 509 2101 legerant,
553 2035 615 2082 et
665 2025 893 2100 magnis
948 2025 1287 2082 adventiciis
1326 2024 1632 2083 multorum
1674 2042 1873 2099 regum
1914 2035 1972 2080 et
2024 2025 2203 2083 natio-

133 2156 139 2161 .
224 2123 388 2173 num,
408 2103 587 2179 copiis
600 2103 919 2177 juvabatun
988 2103 1120 2160 Hoc
1133 2102 1249 2178 jam
1270 2103 1388 2163 fere
1408 2103 1494 2159 sic
1511 2103 1634 2160 fieri
1652 2102 1832 2160 solere
1855 2103 2201 2178 accepimus,

227 2192 295 2238 ut
323 2200 527 2257 regum
557 2181 1052 2239 afflictaerfortunae
1096 2179 1267 2239 facile
1313 2181 1618 2238 multorum
1660 2200 1795 2256 opes
1836 2180 2091 2237 alliciant
2132 2182 2202 2237 ad

228 2258 708 2328 misericordiam,
727 2257 1092 2334 maximeque
1118 2278 1335 2329 eorum,
1365 2259 1462 2334 qui
1492 2270 1590 2316 aut
1617 2277 1782 2334 reges
1821 2269 1974 2328 sunt,
2004 2271 2101 2315 aut
2127 2260 2205 2316 vi·

227 2348 372 2394 vunt
402 2339 460 2394 in
493 2335 897 2413 13311ος311ὀά
924 2337 1160 2414 regale
1143 2339 1216 2395 iis
1263 2358 1471 2395 nomen
1516 2354 1787 2414 magnum
1835 2347 1893 2394 et
1940 2348 2201 2395 sanctum
2228 2334 2320 2391 25·

197 2435 359 2489 ,3553
389 2416 663 2474 videatur.
747 2415 950 2491 Itaque
976 2426 1198 2473 tantum
1227 2418 1414 2474 victus
1441 2416 1671 2474 efficere
1697 2416 1896 2512 potuit,
1924 2428 2199 2505 quantum

225 2495 537 2557 incolumis
561 2514 855 2584 nunquam
885 2505 970 2553 est
1000 2514 1170 2553 ausus
1196 2506 1409 2585 optare.
1492 2494 1549 2552 Ν
1556 2514 1667 2565 am,
1697 2492 1834 2553 cum
1873 2514 1935 2551 53
1976 2495 2035 2552 in
2076 2515 2201 2573 reg-

224 2593 364 2633 num
397 2574 691 2649 recipisset
718 2592 904 2644 suum,
935 2594 1049 2631 non
1094 2573 1199 2632 fuit
1242 2594 1312 2633 3ο
1343 2578 1658 2632 contentus
1701 2570 1900 2651 quod’
1893 2575 1948 2631 ei
1994 2588 2198 2650 praeter

224 2671 385 2728 spem
416 2652 726 2722 acciderat,
756 2663 820 2709 ut
846 2619 1024 2722 illam,
1052 2665 1422 2743 posteaquam
1448 2653 1647 2730 pulsus
1688 2665 1829 2722 erat,
1859 2664 2068 2710 terram
2096 2674 2201 2711 un-

223 2749 398 2820 quam
454 2730 791 2807 attingeret3
828 2732 955 2789 sed
998 2730 1058 2789 in
1097 2733 1417 2791 exercitum
1456 2742 1724 2804 vestrum,
1767 2732 1987 2789 clarum
2029 2742 2198 2808 atque
2224 2739 2296 2792 30

226 2810 520 2879 victorem,
551 2809 826 2885 impetum
858 2809 1011 2867 fecit.

168 2941 185 2959 „
298 2888 494 2944 Sinite
522 2888 629 2945 hoc
655 2889 802 2958 loce,
822 2888 1113 2960 Quirites,
1140 2887 1325 2967 (sicut
1341 2892 1533 2965 poetae
1576 2889 1779 2959 solent,
1822 2888 1920 2963 qui
1961 2908 2053 2947 res
2080 2888 2201 2946 Ro-

222 2984 427 3023 manas
469 2966 755 3043 scribunt)
812 2968 1101 3041 praeterire
1155 2988 1248 3026 me
1291 2980 1543 3025 nostram
1591 2967 2014 3036 calamitatem3
2071 2986 2198 3056 quae

212 3055 385 3115 ⁴tanta
415 3044 538 3114 fuit,
568 3055 630 3101 ut
657 3064 787 3101 eam
816 3046 888 3102 ad
918 3065 1086 3103 aures
1115 3046 1181 3103 L.
1213 3046 1446 3103 Luculli
1475 3066 1587 3104 non
1616 3066 1685 3104 ex
1713 3046 1914 3121 proelio
1941 3046 2197 3115 nuntius,

3 3109 4 3118 ἵ
40 3110 68 3171 .'
155 3179 162 3185 .
226 3124 325 3180 sed
354 3143 425 3180 ex
453 3141 711 3180 sermone
754 3142 962 3193 rumor,
994 3116 1236 3182 afferret.
1321 3124 1505 3194 Hic,
1491 3144 1550 3182 m
1578 3120 1699 3200 ipso
1729 3124 1825 3180 illo
1863 3122 2032 3191 male,
2073 3141 2200 3197 gra·
2224 3124 2296 3178 35

227 3202 568 3292 ν1551313333
598 3202 730 3259 belli
759 3168 1092 3272 offensione,
1124 3202 1190 3259 L.
1221 3201 1520 3273 Lucullus,
1548 3203 1645 3276 331
1675 3212 1868 3258 tamen
1911 3199 2100 3273 aliqua
2128 3219 2201 3256 ex

224 3291 385 3354 parte
414 3280 483 3336 iis
526 3280 902 3338 incommodis
944 3282 1163 3338 mederi
1209 3281 1446 3337 fortasse
1489 3280 1783 3355 potuisset,
1814 3288 1998 3335 vestro
2034 3276 2198 3365 jussu

227 3370 483 3428 coactus»,
515 3357 737 3433 (quod
725 3359 944 3434 imperii
975 3359 1337 3416 diuturnitati
1367 3358 1600 3415 modum
1627 3356 1992 3414 statuendum
2020 3354 2199 3411 veteri

227 3437 487 3512 exemplo
511 3436 829 3516 putavistis)
860 3448 1080 3512 partem
1121 3438 1387 3506 militum,
1431 3436 1529 3511 qui
1565 3434 1686 3510 jam
1729 3433 2026 3509 stipendiis
2067 3452 2200 3490 con-

228 3514 397 3572 fectis
435 3526 615 3586 erant,
644 3516 876 3586 dimisit,
905 3527 1126 3592 partem
1168 3513 1467 3572 Glabrioni
1511 3513 1762 3570 tradidit.
1845 3509 2035 3567 Multa
2059 3531 2198 3586 prae-
2222 3512 2295 3566 40

224 3602 386 3653 tereo
413 3591 704 3651 consulto:
762 3595 863 3651 sed
908 3613 978 3651 ea
1022 3613 1120 3651 vos
1144 3591 1506 3682 ‘conjectura
1536 3589 1878 3678 perspicitiS,
1919 3599 2197 3663 quantum

230 3670 370 3729 illud
396 3672 608 3729 bellum
634 3671 946 3761 [futurum]
978 3670 1210 3746 11313115,
1238 3671 1385 3744 quod
1422 3667 1772 3743 conjungant
1806 3686 1979 3743 13335
2003 3679 2197 3745 poten-

227 3749 450 3821 tissimi,
479 3762 751 3808 renovent
779 3751 1007 3825 agitatae
1035 3749 1316 3816 nationes,
1358 3745 1673 3818 suscipiant
1713 3746 1947 3821 integrae
1974 3757 2195 3824 gentse,

227 3845 405 3886 novus
432 3796 735 3905 imperator
762 3838 949 3884 vester
979 3826 1249 3908 accipiat,
1276 3833 1469 3878 vetere
1494 3820 1659 3895 pulso
1683 3824 1957 3881 exercitu.
