<?xml version="1.0" encoding="UTF-8"?>
<!DOCTYPE html PUBLIC "-//W3C//DTD XHTML 1.0 Transitional//EN"
    "http://www.w3.org/TR/xhtml1/DTD/xhtml1-transitional.dtd">
<html xmlns="http://www.w3.org/1999/xhtml" xml:lang="en" lang="en">
 <head>
  <title>
</title>
<meta http-equiv="Content-Type" content="text/html;charset=utf-8" />
  <meta name='ocr-system' content='tesseract 3.04.00' />
  <meta name='ocr-capabilities' content='ocr_page ocr_carea ocr_par ocr_line ocrx_word'/>
</head>
<body>
  <div class='ocr_page' id='page_1' title='image "./mtciceronisorat01folsgoog_0148.png"; bbox 0 0 2667 4242; ppageno 0'>
   <div class='ocr_carea' id='block_1_1' title="bbox 342 274 1920 339">
    <p class='ocr_par' dir='ltr' id='par_1_1' title="bbox 342 274 1920 339">
     <span class='ocr_line' id='line_1_1' title="bbox 342 274 1920 339; baseline -0.003 -8"><span class='ocrx_word' id='word_1_1' title='bbox 342 279 460 339; x_wconf 70' lang='lat'><strong>142</strong></span> <span class='ocrx_word' id='word_1_2' title='bbox 950 278 1225 329; x_wconf 80' lang='lat' dir='ltr'>ORATIO</span> <span class='ocrx_word' id='word_1_3' title='bbox 1271 274 1349 329; x_wconf 77' lang='lat' dir='ltr'><strong>m</strong></span> <span class='ocrx_word' id='word_1_4' title='bbox 1392 279 1468 328; x_wconf 89' lang='lat' dir='ltr'><strong>M.</strong></span> <span class='ocrx_word' id='word_1_5' title='bbox 1514 276 1920 329; x_wconf 72' lang='lat' dir='ltr'>ANTONIUM.</span> 
     </span>
    </p>
   </div>
   <div class='ocr_carea' id='block_1_2' title="bbox 338 420 2524 3881">
    <p class='ocr_par' dir='ltr' id='par_1_2' title="bbox 439 420 2446 656">
     <span class='ocr_line' id='line_1_2' title="bbox 440 420 2444 494; baseline 0 -14"><span class='ocrx_word' id='word_1_6' title='bbox 440 420 705 480; x_wconf 82' lang='lat' dir='ltr'><strong>audiatis.</strong></span> <span class='ocrx_word' id='word_1_7' title='bbox 786 421 979 481; x_wconf 80' lang='lat' dir='ltr'><strong>Debet</strong></span> <span class='ocrx_word' id='word_1_8' title='bbox 1004 422 1161 481; x_wconf 79' lang='lat' dir='ltr'><strong>enim</strong></span> <span class='ocrx_word' id='word_1_9' title='bbox 1187 422 1401 481; x_wconf 86' lang='lat' dir='ltr'><strong>talibus</strong></span> <span class='ocrx_word' id='word_1_10' title='bbox 1429 422 1488 480; x_wconf 92' lang='lat' dir='ltr'><strong>in</strong></span> <span class='ocrx_word' id='word_1_11' title='bbox 1528 421 1702 480; x_wconf 86' lang='lat' dir='ltr'><strong>rebus</strong></span> <span class='ocrx_word' id='word_1_12' title='bbox 1740 422 1997 480; x_wconf 87' lang='lat' dir='ltr'><strong>excitare</strong></span> <span class='ocrx_word' id='word_1_13' title='bbox 2038 421 2284 494; x_wconf 84' lang='lat' dir='ltr'><strong>animos,</strong></span> <span class='ocrx_word' id='word_1_14' title='bbox 2312 438 2444 481; x_wconf 82' lang='lat' dir='ltr'><strong>non</strong></span> 
     </span>
     <span class='ocr_line' id='line_1_3' title="bbox 439 500 2446 578; baseline 0 -20"><span class='ocrx_word' id='word_1_15' title='bbox 439 500 695 578; x_wconf 86' lang='lat' dir='ltr'><strong>cognitio</strong></span> <span class='ocrx_word' id='word_1_16' title='bbox 720 500 903 559; x_wconf 73' lang='lat' dir='ltr'><strong>solum</strong></span> <span class='ocrx_word' id='word_1_17' title='bbox 944 520 1156 573; x_wconf 87' lang='lat' dir='ltr'><strong>rerum,</strong></span> <span class='ocrx_word' id='word_1_18' title='bbox 1186 501 1289 559; x_wconf 84' lang='lat' dir='ltr'><strong>sed</strong></span> <span class='ocrx_word' id='word_1_19' title='bbox 1330 501 1507 560; x_wconf 88' lang='lat' dir='ltr'><strong>etiam</strong></span> <span class='ocrx_word' id='word_1_20' title='bbox 1549 501 1888 559; x_wconf 88' lang='lat' dir='ltr'><strong>recordatio.</strong></span> <span class='ocrx_word' id='word_1_21' title='bbox 1975 501 2244 559; x_wconf 82' lang='lat' dir='ltr'><strong>Tametsi</strong></span> <span class='ocrx_word' id='word_1_22' title='bbox 2285 502 2446 560; x_wconf 87' lang='lat' dir='ltr'><strong>inci-</strong></span> 
     </span>
     <span class='ocr_line' id='line_1_4' title="bbox 440 578 2330 656; baseline 0 -18"><span class='ocrx_word' id='word_1_23' title='bbox 440 581 645 638; x_wconf 81' lang='lat' dir='ltr'>damus</span> <span class='ocrx_word' id='word_1_24' title='bbox 670 591 888 656; x_wconf 83' lang='lat' dir='ltr'>oportet</span> <span class='ocrx_word' id='word_1_25' title='bbox 915 580 1126 651; x_wconf 89' lang='lat' dir='ltr'><strong>media,</strong></span> <span class='ocrx_word' id='word_1_26' title='bbox 1154 600 1229 638; x_wconf 87' lang='lat' dir='ltr'><strong>ne</strong></span> <span class='ocrx_word' id='word_1_27' title='bbox 1258 580 1431 638; x_wconf 87' lang='lat' dir='ltr'><strong>nimis</strong></span> <span class='ocrx_word' id='word_1_28' title='bbox 1460 578 1587 637; x_wconf 74' lang='lat' dir='ltr'><strong>sero</strong></span> <span class='ocrx_word' id='word_1_29' title='bbox 1621 580 1694 636; x_wconf 91' lang='lat' dir='ltr'><strong>ad</strong></span> <span class='ocrx_word' id='word_1_30' title='bbox 1721 591 1977 637; x_wconf 86' lang='lat' dir='ltr'><strong>extrema</strong></span> <span class='ocrx_word' id='word_1_31' title='bbox 2005 581 2330 638; x_wconf 76' lang='lat' dir='ltr'><strong>veniamus,</strong></span> 
     </span>
    </p>

    <p class='ocr_par' dir='ltr' id='par_1_3' title="bbox 520 658 2446 736">
     <span class='ocr_line' id='line_1_5' title="bbox 520 658 2446 736; baseline -0.001 -18"><span class='ocrx_word' id='word_1_32' title='bbox 520 659 767 718; x_wconf 89' lang='lat' dir='ltr'><strong>Intimus</strong></span> <span class='ocrx_word' id='word_1_33' title='bbox 793 668 917 717; x_wconf 86' lang='lat' dir='ltr'><strong>erat</strong></span> <span class='ocrx_word' id='word_1_34' title='bbox 945 658 1005 717; x_wconf 89' lang='lat' dir='ltr'><strong>in</strong></span> <span class='ocrx_word' id='word_1_35' title='bbox 1033 658 1327 716; x_wconf 84' lang='lat' dir='ltr'>tribunatu</span> <span class='ocrx_word' id='word_1_36' title='bbox 1356 658 1582 730; x_wconf 87' lang='lat' dir='ltr'><strong>Clodio,</strong></span> <span class='ocrx_word' id='word_1_37' title='bbox 1609 658 1709 734; x_wconf 88' lang='lat' dir='ltr'><strong>qui</strong></span> <span class='ocrx_word' id='word_1_38' title='bbox 1750 678 1857 716; x_wconf 89' lang='lat' dir='ltr'><strong>sua</strong></span> <span class='ocrx_word' id='word_1_39' title='bbox 1896 678 2035 736; x_wconf 86' lang='lat' dir='ltr'><strong>erga</strong></span> <span class='ocrx_word' id='word_1_40' title='bbox 2076 677 2166 717; x_wconf 90' lang='lat' dir='ltr'><strong>me</strong></span> <span class='ocrx_word' id='word_1_41' title='bbox 2210 659 2446 717; x_wconf 86' lang='lat' dir='ltr'><strong>benefi-</strong></span> 
     </span>
    </p>

    <p class='ocr_par' dir='ltr' id='par_1_4' title="bbox 375 736 2508 1130">
     <span class='ocr_line' id='line_1_6' title="bbox 375 736 2446 815; baseline 0 -20"><span class='ocrx_word' id='word_1_42' title='bbox 375 752 413 806; x_wconf 80' lang='lat'>5</span> <span class='ocrx_word' id='word_1_43' title='bbox 438 739 535 795; x_wconf 88' lang='lat' dir='ltr'><strong>cia</strong></span> <span class='ocrx_word' id='word_1_44' title='bbox 589 748 1030 808; x_wconf 81' lang='lat' dir='ltr'><strong>commemorat3</strong></span> <span class='ocrx_word' id='word_1_45' title='bbox 1089 736 1214 814; x_wconf 86' lang='lat' dir='ltr'><strong>ejus</strong></span> <span class='ocrx_word' id='word_1_46' title='bbox 1266 738 1525 795; x_wconf 91' lang='lat' dir='ltr'><strong>omnium</strong></span> <span class='ocrx_word' id='word_1_47' title='bbox 1584 737 1986 795; x_wconf 78' lang='lat' dir='ltr'><strong>incendiorum</strong></span> <span class='ocrx_word' id='word_1_48' title='bbox 2044 738 2151 795; x_wconf 86' lang='lat' dir='ltr'><strong>sax.</strong></span> <span class='ocrx_word' id='word_1_49' title='bbox 2239 739 2446 815; x_wconf 85' lang='lat' dir='ltr'><strong>Cujus</strong></span> 
     </span>
     <span class='ocr_line' id='line_1_7' title="bbox 434 816 2445 893; baseline 0 -19"><span class='ocrx_word' id='word_1_50' title='bbox 434 816 614 875; x_wconf 86' lang='lat' dir='ltr'><strong>etiam</strong></span> <span class='ocrx_word' id='word_1_51' title='bbox 641 816 797 874; x_wconf 89' lang='lat' dir='ltr'><strong>domi</strong></span> <span class='ocrx_word' id='word_1_52' title='bbox 825 816 1098 891; x_wconf 85' lang='lat' dir='ltr'>quiddam</span> <span class='ocrx_word' id='word_1_53' title='bbox 1120 816 1242 892; x_wconf 86' lang='lat' dir='ltr'><strong>jam</strong></span> <span class='ocrx_word' id='word_1_54' title='bbox 1281 825 1407 873; x_wconf 89' lang='lat' dir='ltr'><strong>tum</strong></span> <span class='ocrx_word' id='word_1_55' title='bbox 1447 816 1680 874; x_wconf 88' lang='lat' dir='ltr'><strong>molitus</strong></span> <span class='ocrx_word' id='word_1_56' title='bbox 1717 826 1844 873; x_wconf 88' lang='lat' dir='ltr'><strong>est:</strong></span> <span class='ocrx_word' id='word_1_57' title='bbox 1889 816 2027 891; x_wconf 92' lang='lat' dir='ltr'><strong>quid</strong></span> <span class='ocrx_word' id='word_1_58' title='bbox 2054 817 2272 887; x_wconf 89' lang='lat' dir='ltr'><strong>dicam,</strong></span> <span class='ocrx_word' id='word_1_59' title='bbox 2303 817 2445 893; x_wconf 84' lang='lat' dir='ltr'><strong>ipse</strong></span> 
     </span>
     <span class='ocr_line' id='line_1_8' title="bbox 436 893 2442 973; baseline 0 -21"><span class='ocrx_word' id='word_1_60' title='bbox 436 893 650 972; x_wconf 71' lang='lat' dir='ltr'><strong>optime</strong></span> <span class='ocrx_word' id='word_1_61' title='bbox 714 895 997 973; x_wconf 79' lang='lat' dir='ltr'><strong>intelligit.</strong></span> <span class='ocrx_word' id='word_1_62' title='bbox 1097 894 1215 954; x_wconf 89' lang='lat' dir='ltr'><strong>Iter</strong></span> <span class='ocrx_word' id='word_1_63' title='bbox 1271 895 1408 953; x_wconf 90' lang='lat' dir='ltr'><strong>inde</strong></span> <span class='ocrx_word' id='word_1_64' title='bbox 1464 894 1883 953; x_wconf 82' lang='lat' dir='ltr'><strong>Alexandriam</strong></span> <span class='ocrx_word' id='word_1_65' title='bbox 1939 906 2138 953; x_wconf 85' lang='lat' dir='ltr'><strong>contra</strong></span> <span class='ocrx_word' id='word_1_66' title='bbox 2179 897 2442 954; x_wconf 68' lang='lat' dir='ltr'><strong>senatus</strong></span> 
     </span>
     <span class='ocr_line' id='line_1_9' title="bbox 438 973 2508 1050; baseline 0 -18"><span class='ocrx_word' id='word_1_67' title='bbox 438 973 860 1046; x_wconf 86' lang='lat' dir='ltr'><strong>auctoritatem,</strong></span> <span class='ocrx_word' id='word_1_68' title='bbox 902 984 1105 1033; x_wconf 86' lang='lat' dir='ltr'><strong>contra</strong></span> <span class='ocrx_word' id='word_1_69' title='bbox 1144 974 1487 1050; x_wconf 81' lang='lat' dir='ltr'>religiones:</span> <span class='ocrx_word' id='word_1_70' title='bbox 1543 975 1647 1031; x_wconf 88' lang='lat' dir='ltr'><strong>sed</strong></span> <span class='ocrx_word' id='word_1_71' title='bbox 1689 974 1939 1031; x_wconf 90' lang='lat' dir='ltr'><strong>habebat</strong></span> <span class='ocrx_word' id='word_1_72' title='bbox 1992 975 2202 1032; x_wconf 83' lang='lat' dir='ltr'><strong>ducem</strong></span> <span class='ocrx_word' id='word_1_73' title='bbox 2243 975 2448 1032; x_wconf 82' lang='lat' dir='ltr'><strong>Gabi·-</strong></span> <span class='ocrx_word' id='word_1_74' title='bbox 2501 977 2508 984; x_wconf 83' lang='lat'>&#39;</span> 
     </span>
     <span class='ocr_line' id='line_1_10' title="bbox 436 1052 2446 1130; baseline -0.001 -17"><span class='ocrx_word' id='word_1_75' title='bbox 436 1054 623 1125; x_wconf 80' lang='lat' dir='ltr'><strong>nium,</strong></span> <span class='ocrx_word' id='word_1_76' title='bbox 664 1054 900 1129; x_wconf 85' lang='lat' dir='ltr'><strong>quicum</strong></span> <span class='ocrx_word' id='word_1_77' title='bbox 938 1053 1165 1130; x_wconf 85' lang='lat' dir='ltr'><strong>quidvis</strong></span> <span class='ocrx_word' id='word_1_78' title='bbox 1220 1052 1541 1111; x_wconf 70' lang='lat' dir='ltr'><strong>rectissime</strong></span> <span class='ocrx_word' id='word_1_79' title='bbox 1600 1054 1794 1111; x_wconf 85' lang='lat' dir='ltr'><strong>facere</strong></span> <span class='ocrx_word' id='word_1_80' title='bbox 1846 1063 2047 1128; x_wconf 84' lang='lat' dir='ltr'><strong>posset.</strong></span> <span class='ocrx_word' id='word_1_81' title='bbox 2128 1053 2260 1115; x_wconf 79' lang='lat' dir='ltr'><strong>Qui</strong></span> <span class='ocrx_word' id='word_1_82' title='bbox 2299 1064 2446 1110; x_wconf 87' lang='lat' dir='ltr'><strong>tum</strong></span> 
     </span>
    </p>

    <p class='ocr_par' dir='ltr' id='par_1_5' title="bbox 338 1129 2447 1524">
     <span class='ocr_line' id='line_1_11' title="bbox 338 1129 2447 1210; baseline -0.002 -16"><span class='ocrx_word' id='word_1_83' title='bbox 338 1139 413 1194; x_wconf 85' lang='lat'><strong>10</strong></span> <span class='ocrx_word' id='word_1_84' title='bbox 441 1132 580 1191; x_wconf 92' lang='lat' dir='ltr'><strong>inde</strong></span> <span class='ocrx_word' id='word_1_85' title='bbox 635 1133 873 1204; x_wconf 87' lang='lat' dir='ltr'><strong>reditus,</strong></span> <span class='ocrx_word' id='word_1_86' title='bbox 929 1143 1029 1190; x_wconf 90' lang='lat' dir='ltr'><strong>aut</strong></span> <span class='ocrx_word' id='word_1_87' title='bbox 1082 1131 1309 1207; x_wconf 61' lang='lat' dir='ltr'><strong>qualis?</strong></span> <span class='ocrx_word' id='word_1_88' title='bbox 1411 1129 1582 1190; x_wconf 69' lang='lat' dir='ltr'><strong>Prius</strong></span> <span class='ocrx_word' id='word_1_89' title='bbox 1639 1132 1699 1189; x_wconf 92' lang='lat' dir='ltr'><strong>in</strong></span> <span class='ocrx_word' id='word_1_90' title='bbox 1756 1132 2018 1210; x_wconf 82' lang='lat' dir='ltr'><strong>ultimam</strong></span> <span class='ocrx_word' id='word_1_91' title='bbox 2050 1132 2312 1190; x_wconf 76' lang='lat' dir='ltr'><strong>&#39;Galliam</strong></span> <span class='ocrx_word' id='word_1_92' title='bbox 2365 1152 2447 1191; x_wconf 85' lang='lat' dir='ltr'><strong>ex</strong></span> 
     </span>
     <span class='ocr_line' id='line_1_12' title="bbox 442 1210 2446 1289; baseline -0.001 -19"><span class='ocrx_word' id='word_1_93' title='bbox 442 1210 713 1289; x_wconf 80' lang='lat' dir='ltr'><strong>AEgyptO,</strong></span> <span class='ocrx_word' id='word_1_94' title='bbox 754 1210 928 1288; x_wconf 66' lang='lat' dir='ltr'><strong>quam</strong></span> <span class='ocrx_word' id='word_1_95' title='bbox 980 1213 1234 1269; x_wconf 81' lang='lat' dir='ltr'><strong>domum.</strong></span> <span class='ocrx_word' id='word_1_96' title='bbox 1306 1210 1471 1273; x_wconf 79' lang='lat' dir='ltr'><strong>&#39;Quae</strong></span> <span class='ocrx_word' id='word_1_97' title='bbox 1525 1221 1722 1268; x_wconf 88' lang='lat' dir='ltr'><strong>autem</strong></span> <span class='ocrx_word' id='word_1_98' title='bbox 1776 1219 1903 1267; x_wconf 87' lang='lat' dir='ltr'><strong>erat</strong></span> <span class='ocrx_word' id='word_1_99' title='bbox 1955 1210 2197 1269; x_wconf 71' lang='lat' dir='ltr'><strong>domus?</strong></span> <span class='ocrx_word' id='word_1_100' title='bbox 2257 1230 2446 1268; x_wconf 81' lang='lat' dir='ltr'><strong>suam</strong></span> 
     </span>
     <span class='ocr_line' id='line_1_13' title="bbox 440 1289 2447 1366; baseline -0.002 -17"><span class='ocrx_word' id='word_1_101' title='bbox 440 1291 597 1349; x_wconf 89' lang='lat' dir='ltr'><strong>enim</strong></span> <span class='ocrx_word' id='word_1_102' title='bbox 648 1290 890 1366; x_wconf 87' lang='lat' dir='ltr'><strong>quisque</strong></span> <span class='ocrx_word' id='word_1_103' title='bbox 914 1291 1163 1351; x_wconf 68' lang='lat' dir='ltr'><strong>‚domum</strong></span> <span class='ocrx_word' id='word_1_104' title='bbox 1202 1300 1327 1347; x_wconf 81' lang='lat' dir='ltr'><strong>tum</strong></span> <span class='ocrx_word' id='word_1_105' title='bbox 1365 1289 1693 1359; x_wconf 89' lang='lat' dir='ltr'><strong>obtinebat;</strong></span> <span class='ocrx_word' id='word_1_106' title='bbox 1754 1306 1945 1363; x_wconf 90' lang='lat' dir='ltr'><strong>neque</strong></span> <span class='ocrx_word' id='word_1_107' title='bbox 1999 1299 2122 1347; x_wconf 88' lang='lat' dir='ltr'><strong>erat</strong></span> <span class='ocrx_word' id='word_1_108' title='bbox 2175 1306 2447 1364; x_wconf 81' lang='lat' dir='ltr'><strong>usquam</strong></span> 
     </span>
     <span class='ocr_line' id='line_1_14' title="bbox 438 1364 2447 1448; baseline -0 -22"><span class='ocrx_word' id='word_1_109' title='bbox 438 1378 558 1426; x_wconf 84' lang='lat' dir='ltr'><strong>tua.</strong></span> <span class='ocrx_word' id='word_1_110' title='bbox 641 1369 891 1426; x_wconf 86' lang='lat' dir='ltr'><strong>Domum</strong></span> <span class='ocrx_word' id='word_1_111' title='bbox 920 1369 1095 1427; x_wconf 66' lang='lat' dir='ltr'><strong>dico?</strong></span> <span class='ocrx_word' id='word_1_112' title='bbox 1154 1368 1294 1445; x_wconf 91' lang='lat' dir='ltr'><strong>quid</strong></span> <span class='ocrx_word' id='word_1_113' title='bbox 1334 1378 1459 1426; x_wconf 74' lang='lat' dir='ltr'><strong>erat</strong></span> <span class='ocrx_word' id='word_1_114' title='bbox 1499 1367 1787 1448; x_wconf 39' lang='lat' dir='ltr'><strong>iri-terris,</strong></span> <span class='ocrx_word' id='word_1_115' title='bbox 1827 1364 1929 1424; x_wconf 91' lang='lat' dir='ltr'><strong>ubi</strong></span> <span class='ocrx_word' id='word_1_116' title='bbox 1971 1367 2029 1425; x_wconf 88' lang='lat' dir='ltr'><strong>in</strong></span> <span class='ocrx_word' id='word_1_117' title='bbox 2069 1378 2167 1426; x_wconf 82' lang='lat' dir='ltr'><strong>tuo</strong></span> <span class='ocrx_word' id='word_1_118' title='bbox 2207 1369 2447 1444; x_wconf 81' lang='lat' dir='ltr'><strong>pedem</strong></span> 
     </span>
     <span class='ocr_line' id='line_1_15' title="bbox 438 1446 2447 1524; baseline 0 -20"><span class='ocrx_word' id='word_1_119' title='bbox 438 1466 702 1523; x_wconf 85' lang='lat' dir='ltr'><strong>poneres,</strong></span> <span class='ocrx_word' id='word_1_120' title='bbox 730 1458 932 1524; x_wconf 81' lang='lat' dir='ltr'><strong>praeter</strong></span> <span class='ocrx_word' id='word_1_121' title='bbox 962 1467 1141 1506; x_wconf 91' lang='lat' dir='ltr'><strong>unum</strong></span> <span class='ocrx_word' id='word_1_122' title='bbox 1189 1447 1504 1518; x_wconf 81' lang='lat' dir='ltr'><strong>Misenum,</strong></span> <span class='ocrx_word' id='word_1_123' title='bbox 1532 1447 1685 1521; x_wconf 92' lang='lat' dir='ltr'><strong>quod</strong></span> <span class='ocrx_word' id='word_1_124' title='bbox 1707 1464 1862 1504; x_wconf 55' lang='lat' dir='ltr'><strong>eum</strong></span> <span class='ocrx_word' id='word_1_125' title='bbox 1922 1446 2111 1517; x_wconf 80' lang='lat' dir='ltr'><strong>sociis,</strong></span> <span class='ocrx_word' id='word_1_126' title='bbox 2133 1457 2447 1521; x_wconf 78' lang='lat' dir='ltr'><strong>tanquam</strong></span> 
     </span>
    </p>

    <p class='ocr_par' dir='ltr' id='par_1_6' title="bbox 341 1524 1670 1601">
     <span class='ocr_line' id='line_1_16' title="bbox 341 1524 1670 1601; baseline 0.004 -20"><span class='ocrx_word' id='word_1_127' title='bbox 341 1528 415 1584; x_wconf 81' lang='lat'><strong>15</strong></span> <span class='ocrx_word' id='word_1_128' title='bbox 443 1525 800 1601; x_wconf 83' lang='lat' dir='ltr'>Sisaponem,</span> <span class='ocrx_word' id='word_1_129' title='bbox 830 1526 1109 1584; x_wconf 70' lang='lat' dir='ltr'><strong>tenebas?</strong></span> <span class='ocrx_word' id='word_1_130' title='bbox 1646 1524 1670 1546; x_wconf 75' lang='lat'>⁸</span> 
     </span>
    </p>

    <p class='ocr_par' dir='ltr' id='par_1_7' title="bbox 438 1602 2448 1918">
     <span class='ocr_line' id='line_1_17' title="bbox 519 1602 2448 1679; baseline 0.002 -19"><span class='ocrx_word' id='word_1_131' title='bbox 519 1602 660 1661; x_wconf 90' lang='lat' dir='ltr'><strong>XX.</strong></span> <span class='ocrx_word' id='word_1_132' title='bbox 730 1604 960 1661; x_wconf 83' lang='lat' dir='ltr'><strong>Venisti</strong></span> <span class='ocrx_word' id='word_1_133' title='bbox 1000 1624 1034 1663; x_wconf 90' lang='lat' dir='ltr'><strong>e</strong></span> <span class='ocrx_word' id='word_1_134' title='bbox 1073 1602 1265 1662; x_wconf 66' lang='lat' dir='ltr'><strong>Gallia</strong></span> <span class='ocrx_word' id='word_1_135' title='bbox 1306 1604 1382 1661; x_wconf 90' lang='lat' dir='ltr'><strong>ad</strong></span> <span class='ocrx_word' id='word_1_136' title='bbox 1424 1614 1771 1678; x_wconf 64' lang='lat' dir='ltr'><strong>quaesturam</strong></span> <span class='ocrx_word' id='word_1_137' title='bbox 1825 1603 2144 1679; x_wconf 72' lang='lat' dir='ltr'><strong>petendam.</strong></span> <span class='ocrx_word' id='word_1_138' title='bbox 2246 1604 2448 1664; x_wconf 84' lang='lat' dir='ltr'><strong>Aude</strong></span> 
     </span>
     <span class='ocr_line' id='line_1_18' title="bbox 442 1680 2439 1817; baseline 0.002 -78"><span class='ocrx_word' id='word_1_139' title='bbox 442 1683 658 1753; x_wconf 80' lang='lat' dir='ltr'><strong>dicere,</strong></span> <span class='ocrx_word' id='word_1_140' title='bbox 684 1694 745 1739; x_wconf 85' lang='lat' dir='ltr'><strong>te</strong></span> <span class='ocrx_word' id='word_1_141' title='bbox 783 1680 944 1760; x_wconf 66' lang='lat' dir='ltr'><strong>prius</strong></span> <span class='ocrx_word' id='word_1_142' title='bbox 987 1683 1058 1740; x_wconf 88' lang='lat' dir='ltr'><strong>ad</strong></span> <span class='ocrx_word' id='word_1_143' title='bbox 1106 1681 1429 1761; x_wconf 89' lang='lat' dir='ltr'><strong>[parentem</strong></span> <span class='ocrx_word' id='word_1_144' title='bbox 1469 1682 1657 1817; x_wconf 51' lang='lat' dir='ltr'><strong>tuam?</strong></span> <span class='ocrx_word' id='word_1_145' title='bbox 1702 1682 1945 1752; x_wconf 84' lang='lat' dir='ltr'><strong>venisse,</strong></span> <span class='ocrx_word' id='word_1_146' title='bbox 1973 1680 2143 1757; x_wconf 70' lang='lat' dir='ltr'><strong>quam</strong></span> <span class='ocrx_word' id='word_1_147' title='bbox 2185 1684 2262 1740; x_wconf 83' lang='lat' dir='ltr'><strong>ad</strong></span> <span class='ocrx_word' id='word_1_148' title='bbox 2301 1702 2439 1742; x_wconf 84' lang='lat' dir='ltr'><strong>me.</strong></span> 
     </span>
     <span class='ocr_line' id='line_1_19' title="bbox 441 1760 2447 1839; baseline 0.001 -20"><span class='ocrx_word' id='word_1_149' title='bbox 441 1761 807 1837; x_wconf 87' lang='lat' dir='ltr'><strong>Acceperam</strong></span> <span class='ocrx_word' id='word_1_150' title='bbox 832 1762 991 1819; x_wconf 86' lang='lat' dir='ltr'><strong>enim</strong></span> <span class='ocrx_word' id='word_1_151' title='bbox 1024 1762 1145 1839; x_wconf 84' lang='lat' dir='ltr'><strong>jam</strong></span> <span class='ocrx_word' id='word_1_152' title='bbox 1174 1760 1308 1820; x_wconf 68' lang='lat' dir='ltr'><strong>ante</strong></span> <span class='ocrx_word' id='word_1_153' title='bbox 1337 1761 1589 1819; x_wconf 86' lang='lat' dir='ltr'><strong>Caesaris</strong></span> <span class='ocrx_word' id='word_1_154' title='bbox 1649 1760 1936 1832; x_wconf 47' lang='lat' dir='ltr'><strong>‘iteraS‚„ut</strong></span> <span class='ocrx_word' id='word_1_155' title='bbox 1974 1760 2115 1818; x_wconf 87' lang='lat' dir='ltr'><strong>mihi</strong></span> <span class='ocrx_word' id='word_1_156' title='bbox 2154 1763 2447 1822; x_wconf 85' lang='lat' dir='ltr'><strong>satisfieri</strong></span> 
     </span>
     <span class='ocr_line' id='line_1_20' title="bbox 438 1839 2442 1918; baseline 0.001 -21"><span class='ocrx_word' id='word_1_157' title='bbox 438 1851 666 1918; x_wconf 84' lang='lat' dir='ltr'><strong>paterer</strong></span> <span class='ocrx_word' id='word_1_158' title='bbox 707 1859 742 1899; x_wconf 87' lang='lat' dir='ltr'><strong>a</strong></span> <span class='ocrx_word' id='word_1_159' title='bbox 797 1851 887 1900; x_wconf 87' lang='lat' dir='ltr'><strong>te:</strong></span> <span class='ocrx_word' id='word_1_160' title='bbox 931 1841 1124 1916; x_wconf 82' lang='lat' dir='ltr'><strong>itaque</strong></span> <span class='ocrx_word' id='word_1_161' title='bbox 1178 1860 1254 1899; x_wconf 89' lang='lat' dir='ltr'><strong>ne</strong></span> <span class='ocrx_word' id='word_1_162' title='bbox 1311 1839 1469 1916; x_wconf 90' lang='lat' dir='ltr'><strong>loqui</strong></span> <span class='ocrx_word' id='word_1_163' title='bbox 1524 1839 1758 1916; x_wconf 84' lang='lat' dir='ltr'><strong>quidem</strong></span> <span class='ocrx_word' id='word_1_164' title='bbox 1818 1856 1948 1896; x_wconf 81' lang='lat' dir='ltr'><strong>sum</strong></span> <span class='ocrx_word' id='word_1_165' title='bbox 2002 1850 2060 1896; x_wconf 79' lang='lat' dir='ltr'><strong>te</strong></span> <span class='ocrx_word' id='word_1_166' title='bbox 2097 1858 2299 1916; x_wconf 85' lang='lat' dir='ltr'><strong>passus</strong></span> <span class='ocrx_word' id='word_1_167' title='bbox 2351 1843 2442 1901; x_wconf 87' lang='lat' dir='ltr'><strong>de</strong></span> 
     </span>
    </p>

    <p class='ocr_par' dir='ltr' id='par_1_8' title="bbox 340 1919 2524 2314">
     <span class='ocr_line' id='line_1_21' title="bbox 340 1919 2524 1998; baseline -0.002 -20"><span class='ocrx_word' id='word_1_168' title='bbox 340 1931 415 1987; x_wconf 71' lang='lat' dir='ltr'><strong>m</strong></span> <span class='ocrx_word' id='word_1_169' title='bbox 443 1920 647 1998; x_wconf 77' lang='lat' dir='ltr'><strong>gratia.</strong></span> <span class='ocrx_word' id='word_1_170' title='bbox 728 1919 937 1979; x_wconf 81' lang='lat' dir='ltr'><strong>Postea</strong></span> <span class='ocrx_word' id='word_1_171' title='bbox 964 1921 1281 1978; x_wconf 86' lang='lat' dir='ltr'><strong>custoditus</strong></span> <span class='ocrx_word' id='word_1_172' title='bbox 1309 1938 1437 1977; x_wconf 89' lang='lat' dir='ltr'><strong>sum</strong></span> <span class='ocrx_word' id='word_1_173' title='bbox 1485 1938 1520 1977; x_wconf 89' lang='lat' dir='ltr'><strong>a</strong></span> <span class='ocrx_word' id='word_1_174' title='bbox 1561 1929 1639 1990; x_wconf 84' lang='lat' dir='ltr'><strong>te,</strong></span> <span class='ocrx_word' id='word_1_175' title='bbox 1682 1928 1746 1975; x_wconf 81' lang='lat' dir='ltr'><strong>tu</strong></span> <span class='ocrx_word' id='word_1_176' title='bbox 1787 1934 1822 1976; x_wconf 88' lang='lat' dir='ltr'><strong>a</strong></span> <span class='ocrx_word' id='word_1_177' title='bbox 1848 1934 1941 1976; x_wconf 90' lang='lat' dir='ltr'><strong>me</strong></span> <span class='ocrx_word' id='word_1_178' title='bbox 1980 1920 2315 1996; x_wconf 68' lang='lat' dir='ltr'><strong>absentatus</strong></span> <span class='ocrx_word' id='word_1_179' title='bbox 2371 1922 2450 1979; x_wconf 76' lang='lat' dir='ltr'><strong>in</strong></span> <span class='ocrx_word' id='word_1_180' title='bbox 2517 1967 2524 1973; x_wconf 91' lang='lat'>.</span> 
     </span>
     <span class='ocr_line' id='line_1_22' title="bbox 440 1997 2449 2078; baseline -0 -21"><span class='ocrx_word' id='word_1_181' title='bbox 440 2000 717 2078; x_wconf 86' lang='lat' dir='ltr'><strong>petitione</strong></span> <span class='ocrx_word' id='word_1_182' title='bbox 750 2010 1087 2077; x_wconf 74' lang='lat' dir='ltr'><strong>quaesturae:</strong></span> <span class='ocrx_word' id='word_1_183' title='bbox 1135 2019 1249 2075; x_wconf 85' lang='lat' dir='ltr'><strong>quo</strong></span> <span class='ocrx_word' id='word_1_184' title='bbox 1300 1999 1536 2074; x_wconf 87' lang='lat' dir='ltr'><strong>quidem</strong></span> <span class='ocrx_word' id='word_1_185' title='bbox 1593 2009 1846 2075; x_wconf 89' lang='lat' dir='ltr'><strong>tempore</strong></span> <span class='ocrx_word' id='word_1_186' title='bbox 1885 1998 1949 2055; x_wconf 78' lang='lat' dir='ltr'><strong>P.</strong></span> <span class='ocrx_word' id='word_1_187' title='bbox 1993 1997 2284 2071; x_wconf 86' lang='lat' dir='ltr'><strong>Clodium,</strong></span> <span class='ocrx_word' id='word_1_188' title='bbox 2334 2019 2449 2076; x_wconf 79' lang='lat' dir='ltr'><strong>ap—</strong></span> 
     </span>
     <span class='ocr_line' id='line_1_23' title="bbox 440 2076 2449 2157; baseline 0 -21"><span class='ocrx_word' id='word_1_189' title='bbox 440 2080 718 2156; x_wconf 81' lang='lat' dir='ltr'><strong>probante</strong></span> <span class='ocrx_word' id='word_1_190' title='bbox 742 2080 950 2157; x_wconf 91' lang='lat' dir='ltr'><strong>populo</strong></span> <span class='ocrx_word' id='word_1_191' title='bbox 976 2078 1263 2150; x_wconf 81' lang='lat' dir='ltr'><strong>Romano,</strong></span> <span class='ocrx_word' id='word_1_192' title='bbox 1293 2078 1353 2136; x_wconf 94' lang='lat' dir='ltr'><strong>in</strong></span> <span class='ocrx_word' id='word_1_193' title='bbox 1382 2078 1503 2135; x_wconf 84' lang='lat' dir='ltr'><strong>soro</strong></span> <span class='ocrx_word' id='word_1_194' title='bbox 1525 2096 1593 2134; x_wconf 88' lang='lat' dir='ltr'><strong>es</strong></span> <span class='ocrx_word' id='word_1_195' title='bbox 1628 2086 1873 2134; x_wconf 60' lang='lat' dir='ltr'><strong>”conatus</strong></span> <span class='ocrx_word' id='word_1_196' title='bbox 1909 2077 2179 2136; x_wconf 63' lang='lat' dir='ltr'><strong>occidere</strong></span> <span class='ocrx_word' id='word_1_197' title='bbox 2202 2097 2219 2135; x_wconf 75' lang='grc' dir='ltr'>ε</span> <span class='ocrx_word' id='word_1_198' title='bbox 2261 2076 2449 2136; x_wconf 63' lang='lat' dir='ltr'><strong>ciun-</strong></span> 
     </span>
     <span class='ocr_line' id='line_1_24' title="bbox 440 2155 2444 2235; baseline 0 -20"><span class='ocrx_word' id='word_1_199' title='bbox 440 2178 558 2234; x_wconf 89' lang='lat' dir='ltr'><strong>que</strong></span> <span class='ocrx_word' id='word_1_200' title='bbox 579 2177 709 2216; x_wconf 82' lang='lat' dir='ltr'><strong>eam</strong></span> <span class='ocrx_word' id='word_1_201' title='bbox 736 2178 858 2217; x_wconf 90' lang='lat' dir='ltr'><strong>rem</strong></span> <span class='ocrx_word' id='word_1_202' title='bbox 886 2159 985 2217; x_wconf 67' lang='lat' dir='ltr'><strong>tua</strong></span> <span class='ocrx_word' id='word_1_203' title='bbox 1010 2168 1211 2235; x_wconf 78' lang='lat' dir='ltr'><strong>sponte</strong></span> <span class='ocrx_word' id='word_1_204' title='bbox 1239 2155 1535 2227; x_wconf 75' lang='lat' dir='ltr'><strong>conarere,</strong></span> <span class='ocrx_word' id='word_1_205' title='bbox 1564 2172 1680 2214; x_wconf 85' lang='lat' dir='ltr'><strong>non</strong></span> <span class='ocrx_word' id='word_1_206' title='bbox 1727 2155 1973 2232; x_wconf 87' lang='lat' dir='ltr'><strong>impulsu</strong></span> <span class='ocrx_word' id='word_1_207' title='bbox 2021 2172 2149 2214; x_wconf 86' lang='lat' dir='ltr'><strong>meo</strong></span> <span class='ocrx_word' id='word_1_208' title='bbox 2164 2176 2180 2227; x_wconf 89' lang='lat'>;</span> <span class='ocrx_word' id='word_1_209' title='bbox 2222 2166 2444 2217; x_wconf 87' lang='lat' dir='ltr'><strong>tamen</strong></span> 
     </span>
     <span class='ocr_line' id='line_1_25' title="bbox 446 2234 2444 2314; baseline 0.001 -20"><span class='ocrx_word' id='word_1_210' title='bbox 446 2236 528 2294; x_wconf 86' lang='lat' dir='ltr'><strong>ita</strong></span> <span class='ocrx_word' id='word_1_211' title='bbox 566 2237 952 2314; x_wconf 82' lang='lat' dir='ltr'><strong>praedicabas,&#39;</strong></span> <span class='ocrx_word' id='word_1_212' title='bbox 995 2247 1054 2295; x_wconf 81' lang='lat' dir='ltr'><strong>te</strong></span> <span class='ocrx_word' id='word_1_213' title='bbox 1104 2256 1225 2295; x_wconf 55' lang='lat' dir='ltr'><strong>⁴non</strong></span> <span class='ocrx_word' id='word_1_214' title='bbox 1267 2236 1616 2306; x_wconf 61' lang='lat' dir='ltr'><strong>existimare,</strong></span> <span class='ocrx_word' id='word_1_215' title='bbox 1656 2234 1971 2306; x_wconf 75' lang='lat' dir='ltr'><strong>nisiillum</strong></span> <span class='ocrx_word' id='word_1_216' title='bbox 2013 2235 2444 2309; x_wconf 46' lang='lat' dir='ltr'><strong>interfecisse&amp;</strong></span> 
     </span>
    </p>

    <p class='ocr_par' dir='ltr' id='par_1_9' title="bbox 340 2313 2444 2706">
     <span class='ocr_line' id='line_1_26' title="bbox 340 2313 2441 2393; baseline -0.002 -15"><span class='ocrx_word' id='word_1_217' title='bbox 340 2323 416 2378; x_wconf 69' lang='lat'><strong>25</strong></span> <span class='ocrx_word' id='word_1_218' title='bbox 446 2335 699 2391; x_wconf 82' lang='lat' dir='ltr'><strong>unquam</strong></span> <span class='ocrx_word' id='word_1_219' title='bbox 740 2317 902 2387; x_wconf 87' lang='lat' dir='ltr'><strong>mihi,</strong></span> <span class='ocrx_word' id='word_1_220' title='bbox 946 2321 1050 2393; x_wconf 75' lang='lat' dir='ltr'><strong>pro</strong></span> <span class='ocrx_word' id='word_1_221' title='bbox 1104 2315 1219 2373; x_wconf 87' lang='lat' dir='ltr'><strong>tuis</strong></span> <span class='ocrx_word' id='word_1_222' title='bbox 1259 2315 1319 2373; x_wconf 91' lang='lat' dir='ltr'><strong>in</strong></span> <span class='ocrx_word' id='word_1_223' title='bbox 1360 2330 1454 2372; x_wconf 88' lang='lat' dir='ltr'><strong>me</strong></span> <span class='ocrx_word' id='word_1_224' title='bbox 1494 2313 1739 2390; x_wconf 85' lang='lat' dir='ltr'><strong>injuriis,</strong></span> <span class='ocrx_word' id='word_1_225' title='bbox 1765 2313 1907 2374; x_wconf 70' lang='lat' dir='ltr'><strong>satis</strong></span> <span class='ocrx_word' id='word_1_226' title='bbox 1946 2332 2073 2372; x_wconf 84' lang='lat' dir='ltr'><strong>esse</strong></span> <span class='ocrx_word' id='word_1_227' title='bbox 2113 2314 2441 2375; x_wconf 77' lang='lat' dir='ltr'><strong>facturum.</strong></span> 
     </span>
     <span class='ocr_line' id='line_1_27' title="bbox 444 2390 2444 2471; baseline 0.002 -21"><span class='ocrx_word' id='word_1_228' title='bbox 444 2393 516 2451; x_wconf 85' lang='lat' dir='ltr'><strong>In</strong></span> <span class='ocrx_word' id='word_1_229' title='bbox 545 2414 658 2468; x_wconf 90' lang='lat' dir='ltr'><strong>quo</strong></span> <span class='ocrx_word' id='word_1_230' title='bbox 684 2395 950 2466; x_wconf 87' lang='lat' dir='ltr'><strong>demiror,</strong></span> <span class='ocrx_word' id='word_1_231' title='bbox 972 2413 1083 2452; x_wconf 74' lang='lat' dir='ltr'><strong>cur</strong></span> <span class='ocrx_word' id='word_1_232' title='bbox 1112 2393 1394 2470; x_wconf 71' lang='lat' dir='ltr'><strong>Milonem</strong></span> <span class='ocrx_word' id='word_1_233' title='bbox 1435 2390 1681 2470; x_wconf 76' lang='lat' dir='ltr'><strong>impulsu</strong></span> <span class='ocrx_word' id='word_1_234' title='bbox 1709 2411 1839 2450; x_wconf 85' lang='lat' dir='ltr'><strong>meo</strong></span> <span class='ocrx_word' id='word_1_235' title='bbox 1877 2411 1999 2451; x_wconf 91' lang='lat' dir='ltr'><strong>rem</strong></span> <span class='ocrx_word' id='word_1_236' title='bbox 2042 2393 2197 2451; x_wconf 82' lang='lat' dir='ltr'><strong>illam</strong></span> <span class='ocrx_word' id='word_1_237' title='bbox 2231 2394 2444 2471; x_wconf 79' lang='lat' dir='ltr'><strong>egisse</strong></span> 
     </span>
     <span class='ocr_line' id='line_1_28' title="bbox 444 2456 2442 2548; baseline 0.002 -21"><span class='ocrx_word' id='word_1_238' title='bbox 444 2456 627 2543; x_wconf 71' lang='lat' dir='ltr'><strong>dicae,</strong></span> <span class='ocrx_word' id='word_1_239' title='bbox 657 2471 793 2530; x_wconf 74' lang='lat' dir='ltr'><strong>cum</strong></span> <span class='ocrx_word' id='word_1_240' title='bbox 838 2482 914 2543; x_wconf 83' lang='lat' dir='ltr'><strong>te,</strong></span> <span class='ocrx_word' id='word_1_241' title='bbox 956 2472 1107 2531; x_wconf 65' lang='lat' dir='ltr'><strong>ultro</strong></span> <span class='ocrx_word' id='word_1_242' title='bbox 1142 2473 1288 2531; x_wconf 73' lang='lat' dir='ltr'><strong>mihi</strong></span> <span class='ocrx_word' id='word_1_243' title='bbox 1331 2472 1485 2530; x_wconf 88' lang='lat' dir='ltr'><strong>idem</strong></span> <span class='ocrx_word' id='word_1_244' title='bbox 1527 2471 1669 2529; x_wconf 88' lang='lat' dir='ltr'><strong>illud</strong></span> <span class='ocrx_word' id='word_1_245' title='bbox 1710 2471 2083 2543; x_wconf 78' lang='lat' dir='ltr'><strong>deferentem,</strong></span> <span class='ocrx_word' id='word_1_246' title='bbox 2124 2491 2442 2548; x_wconf 80' lang='lat' dir='ltr'><strong>nunquam</strong></span> 
     </span>
     <span class='ocr_line' id='line_1_29' title="bbox 443 2549 2442 2627; baseline 0.003 -21"><span class='ocrx_word' id='word_1_247' title='bbox 443 2550 554 2606; x_wconf 87' lang='lat' dir='ltr'><strong>sim</strong></span> <span class='ocrx_word' id='word_1_248' title='bbox 597 2551 962 2608; x_wconf 82' lang='lat' dir='ltr'><strong>adhortatus:</strong></span> <span class='ocrx_word' id='word_1_249' title='bbox 1004 2570 1355 2627; x_wconf 88' lang='lat' dir='ltr'><strong>quanquam,</strong></span> <span class='ocrx_word' id='word_1_250' title='bbox 1395 2551 1445 2608; x_wconf 87' lang='lat' dir='ltr'><strong>si</strong></span> <span class='ocrx_word' id='word_1_251' title='bbox 1486 2549 1546 2608; x_wconf 76' lang='lat' dir='ltr'><strong>in</strong></span> <span class='ocrx_word' id='word_1_252' title='bbox 1586 2568 1656 2618; x_wconf 79' lang='lat' dir='ltr'><strong>eo</strong></span> <span class='ocrx_word' id='word_1_253' title='bbox 1766 2568 2105 2622; x_wconf 82' lang='lat' dir='ltr'><strong>rseverares,</strong></span> <span class='ocrx_word' id='word_1_254' title='bbox 2149 2551 2221 2608; x_wconf 87' lang='lat' dir='ltr'><strong>ad</strong></span> <span class='ocrx_word' id='word_1_255' title='bbox 2262 2563 2442 2611; x_wconf 82' lang='lat' dir='ltr'><strong>tuam</strong></span> 
     </span>
     <span class='ocr_line' id='line_1_30' title="bbox 443 2626 2440 2706; baseline 0.003 -22"><span class='ocrx_word' id='word_1_256' title='bbox 443 2627 684 2705; x_wconf 77' lang='lat' dir='ltr'><strong>gloriam</strong></span> <span class='ocrx_word' id='word_1_257' title='bbox 708 2646 832 2687; x_wconf 87' lang='lat' dir='ltr'><strong>rem</strong></span> <span class='ocrx_word' id='word_1_258' title='bbox 858 2626 1017 2686; x_wconf 84' lang='lat' dir='ltr'><strong>illam</strong></span> <span class='ocrx_word' id='word_1_259' title='bbox 1045 2631 1245 2688; x_wconf 85' lang='lat' dir='ltr'><strong>referri</strong></span> <span class='ocrx_word' id='word_1_260' title='bbox 1273 2630 1580 2701; x_wconf 86' lang='lat' dir='ltr'><strong>malebam,</strong></span> <span class='ocrx_word' id='word_1_261' title='bbox 1609 2650 1610 2653; x_wconf 42' lang='lat'>¹</span> <span class='ocrx_word' id='word_1_262' title='bbox 1643 2646 1683 2686; x_wconf 84' lang='lat' dir='ltr'><strong>u</strong></span> <span class='ocrx_word' id='word_1_263' title='bbox 1723 2647 1780 2686; x_wconf 90' lang='lat' dir='ltr'><strong>m</strong></span> <span class='ocrx_word' id='word_1_264' title='bbox 1825 2631 1903 2688; x_wconf 78' lang='lat' dir='ltr'><strong>ad</strong></span> <span class='ocrx_word' id='word_1_265' title='bbox 1939 2646 2129 2687; x_wconf 86' lang='lat' dir='ltr'><strong>meam</strong></span> <span class='ocrx_word' id='word_1_266' title='bbox 2155 2630 2440 2706; x_wconf 85' lang='lat' dir='ltr'><strong>gratiam.</strong></span> 
     </span>
    </p>

    <p class='ocr_par' dir='ltr' id='par_1_10' title="bbox 339 2705 2439 3101">
     <span class='ocr_line' id='line_1_31' title="bbox 339 2705 2437 2784; baseline 0 -17"><span class='ocrx_word' id='word_1_267' title='bbox 339 2712 415 2767; x_wconf 74' lang='lat' dir='ltr'><strong>m</strong></span> <span class='ocrx_word' id='word_1_268' title='bbox 518 2705 790 2768; x_wconf 66' lang='lat' dir='ltr'><strong>Quaestor</strong></span> <span class='ocrx_word' id='word_1_269' title='bbox 818 2726 881 2764; x_wconf 88' lang='lat' dir='ltr'><strong>es</strong></span> <span class='ocrx_word' id='word_1_270' title='bbox 910 2708 1113 2781; x_wconf 73' lang='lat' dir='ltr'><strong>sactae,</strong></span> <span class='ocrx_word' id='word_1_271' title='bbox 1143 2709 1355 2767; x_wconf 88' lang='lat' dir='ltr'><strong>deinde</strong></span> <span class='ocrx_word' id='word_1_272' title='bbox 1396 2709 1632 2767; x_wconf 83' lang='lat' dir='ltr'><strong>continu</strong></span> <span class='ocrx_word' id='word_1_273' title='bbox 1676 2753 1691 2780; x_wconf 91' lang='lat'><strong>,</strong></span> <span class='ocrx_word' id='word_1_274' title='bbox 1720 2707 1845 2766; x_wconf 84' lang='lat' dir='ltr'><strong>sine</strong></span> <span class='ocrx_word' id='word_1_275' title='bbox 1875 2708 2437 2784; x_wconf 69' lang='lat' dir='ltr'><strong>senatus-consulte,</strong></span> 
     </span>
     <span class='ocr_line' id='line_1_32' title="bbox 442 2784 2438 2863; baseline 0.002 -21"><span class='ocrx_word' id='word_1_276' title='bbox 442 2785 567 2844; x_wconf 82' lang='lat' dir='ltr'><strong>sine</strong></span> <span class='ocrx_word' id='word_1_277' title='bbox 595 2796 765 2857; x_wconf 89' lang='lat' dir='ltr'><strong>sorte,</strong></span> <span class='ocrx_word' id='word_1_278' title='bbox 794 2785 920 2844; x_wconf 88' lang='lat' dir='ltr'><strong>sine</strong></span> <span class='ocrx_word' id='word_1_279' title='bbox 946 2787 1094 2863; x_wconf 92' lang='lat' dir='ltr'><strong>lege,</strong></span> <span class='ocrx_word' id='word_1_280' title='bbox 1126 2788 1198 2845; x_wconf 85' lang='lat' dir='ltr'><strong>ad</strong></span> <span class='ocrx_word' id='word_1_281' title='bbox 1228 2789 1520 2846; x_wconf 63' lang='lat' dir='ltr'><strong>Caesarem</strong></span> <span class='ocrx_word' id='word_1_282' title='bbox 1561 2784 1901 2846; x_wconf 79' lang='lat' dir='ltr'><strong>cucurristi:</strong></span> <span class='ocrx_word' id='word_1_283' title='bbox 1943 2788 2004 2845; x_wconf 91' lang='lat' dir='ltr'><strong>id</strong></span> <span class='ocrx_word' id='word_1_284' title='bbox 2045 2787 2201 2847; x_wconf 87' lang='lat' dir='ltr'><strong>enim</strong></span> <span class='ocrx_word' id='word_1_285' title='bbox 2242 2807 2438 2846; x_wconf 76' lang='lat' dir='ltr'><strong>unum</strong></span> 
     </span>
     <span class='ocr_line' id='line_1_33' title="bbox 442 2863 2439 2942; baseline 0.002 -20"><span class='ocrx_word' id='word_1_286' title='bbox 442 2865 502 2922; x_wconf 87' lang='lat' dir='ltr'><strong>in</strong></span> <span class='ocrx_word' id='word_1_287' title='bbox 551 2865 738 2937; x_wconf 74' lang='lat' dir='ltr'><strong>terriS,</strong></span> <span class='ocrx_word' id='word_1_288' title='bbox 782 2865 1072 2942; x_wconf 84' lang='lat' dir='ltr'><strong>egestatis,</strong></span> <span class='ocrx_word' id='word_1_289' title='bbox 1113 2866 1245 2924; x_wconf 63' lang='lat' dir='ltr'><strong>teris</strong></span> <span class='ocrx_word' id='word_1_290' title='bbox 1286 2863 1481 2937; x_wconf 86' lang='lat' dir='ltr'><strong>alieni,</strong></span> <span class='ocrx_word' id='word_1_291' title='bbox 1521 2865 1816 2940; x_wconf 72' lang='lat' dir='ltr'><strong>nequitiae,</strong></span> <span class='ocrx_word' id='word_1_292' title='bbox 1842 2866 2081 2942; x_wconf 86' lang='lat' dir='ltr'><strong>perditis</strong></span> <span class='ocrx_word' id='word_1_293' title='bbox 2119 2866 2251 2924; x_wconf 83' lang='lat' dir='ltr'><strong>vitae</strong></span> <span class='ocrx_word' id='word_1_294' title='bbox 2289 2869 2439 2925; x_wconf 87' lang='lat' dir='ltr'><strong>rati-</strong></span> 
     </span>
     <span class='ocr_line' id='line_1_34' title="bbox 439 2944 2439 3024; baseline 0.001 -21"><span class='ocrx_word' id='word_1_295' title='bbox 439 2945 668 3016; x_wconf 83' lang='lat' dir='ltr'><strong>onibus,</strong></span> <span class='ocrx_word' id='word_1_296' title='bbox 695 2945 1019 3022; x_wconf 84' lang='lat' dir='ltr'><strong>perfugium</strong></span> <span class='ocrx_word' id='word_1_297' title='bbox 1046 2964 1174 3003; x_wconf 86' lang='lat' dir='ltr'><strong>esse</strong></span> <span class='ocrx_word' id='word_1_298' title='bbox 1201 2946 1474 3003; x_wconf 79' lang='lat' dir='ltr'><strong>ducebas.</strong></span> <span class='ocrx_word' id='word_1_299' title='bbox 1557 2944 1651 3002; x_wconf 79' lang='lat' dir='ltr'><strong>Ibi</strong></span> <span class='ocrx_word' id='word_1_300' title='bbox 1676 2955 1736 3002; x_wconf 90' lang='lat' dir='ltr'><strong>te</strong></span> <span class='ocrx_word' id='word_1_301' title='bbox 1773 2945 1912 3003; x_wconf 71' lang='lat' dir='ltr'><strong>cum</strong></span> <span class='ocrx_word' id='word_1_302' title='bbox 1959 2956 2019 3004; x_wconf 91' lang='lat' dir='ltr'><strong>et</strong></span> <span class='ocrx_word' id='word_1_303' title='bbox 2059 2945 2212 3003; x_wconf 81' lang='lat' dir='ltr'><strong>illius</strong></span> <span class='ocrx_word' id='word_1_304' title='bbox 2251 2946 2439 3024; x_wconf 71' lang='lat' dir='ltr'><strong>lai-gi-</strong></span> 
     </span>
     <span class='ocr_line' id='line_1_35' title="bbox 441 3021 2435 3101; baseline 0.003 -20"><span class='ocrx_word' id='word_1_305' title='bbox 441 3024 694 3083; x_wconf 87' lang='lat' dir='ltr'><strong>tionibus</strong></span> <span class='ocrx_word' id='word_1_306' title='bbox 720 3035 779 3082; x_wconf 85' lang='lat' dir='ltr'><strong>et</strong></span> <span class='ocrx_word' id='word_1_307' title='bbox 807 3025 921 3083; x_wconf 87' lang='lat' dir='ltr'><strong>tuis</strong></span> <span class='ocrx_word' id='word_1_308' title='bbox 961 3024 1176 3101; x_wconf 85' lang='lat' dir='ltr'><strong>rapinis</strong></span> <span class='ocrx_word' id='word_1_309' title='bbox 1203 3023 1545 3100; x_wconf 83' lang='lat' dir='ltr'><strong>explevisses</strong></span> <span class='ocrx_word' id='word_1_310' title='bbox 1575 3021 1651 3100; x_wconf 90' lang='lat' dir='ltr'><strong>(si</strong></span> <span class='ocrx_word' id='word_1_311' title='bbox 1698 3024 1809 3082; x_wconf 87' lang='lat' dir='ltr'><strong>hoc</strong></span> <span class='ocrx_word' id='word_1_312' title='bbox 1850 3034 1939 3082; x_wconf 87' lang='lat' dir='ltr'><strong>est</strong></span> <span class='ocrx_word' id='word_1_313' title='bbox 1983 3024 2232 3101; x_wconf 87' lang='lat' dir='ltr'><strong>explere,</strong></span> <span class='ocrx_word' id='word_1_314' title='bbox 2272 3028 2435 3100; x_wconf 87' lang='lat' dir='ltr'><strong>quod</strong></span> 
     </span>
    </p>

    <p class='ocr_par' dir='ltr' id='par_1_11' title="bbox 340 3103 2435 3259">
     <span class='ocr_line' id='line_1_36' title="bbox 340 3103 2435 3183; baseline 0.001 -22"><span class='ocrx_word' id='word_1_315' title='bbox 340 3112 414 3171; x_wconf 71' lang='lat'><strong>35</strong></span> <span class='ocrx_word' id='word_1_316' title='bbox 443 3103 635 3161; x_wconf 88' lang='lat' dir='ltr'><strong>statim</strong></span> <span class='ocrx_word' id='word_1_317' title='bbox 676 3104 988 3183; x_wconf 82' lang='lat' dir='ltr'><strong>effundas),</strong></span> <span class='ocrx_word' id='word_1_318' title='bbox 1044 3103 1321 3161; x_wconf 68' lang='lat' dir='ltr'><strong>advolasti</strong></span> <span class='ocrx_word' id='word_1_319' title='bbox 1374 3120 1553 3178; x_wconf 85' lang='lat' dir='ltr'><strong>egens</strong></span> <span class='ocrx_word' id='word_1_320' title='bbox 1611 3103 1684 3160; x_wconf 89' lang='lat' dir='ltr'><strong>ad</strong></span> <span class='ocrx_word' id='word_1_321' title='bbox 1729 3103 2103 3175; x_wconf 86' lang='lat' dir='ltr'><strong>tribunatum,</strong></span> <span class='ocrx_word' id='word_1_322' title='bbox 2143 3113 2211 3161; x_wconf 84' lang='lat' dir='ltr'><strong>ut</strong></span> <span class='ocrx_word' id='word_1_323' title='bbox 2252 3103 2311 3162; x_wconf 90' lang='lat' dir='ltr'><strong>in</strong></span> <span class='ocrx_word' id='word_1_324' title='bbox 2354 3124 2435 3164; x_wconf 80' lang='lat' dir='ltr'><strong>eo</strong></span> 
     </span>
     <span class='ocr_line' id='line_1_37' title="bbox 442 3180 1796 3259; baseline -0.001 -19"><span class='ocrx_word' id='word_1_325' title='bbox 442 3183 801 3258; x_wconf 86' lang='lat' dir='ltr'><strong>magistratu,</strong></span> <span class='ocrx_word' id='word_1_326' title='bbox 831 3184 879 3240; x_wconf 85' lang='lat' dir='ltr'><strong>si</strong></span> <span class='ocrx_word' id='word_1_327' title='bbox 905 3203 1117 3259; x_wconf 86' lang='lat' dir='ltr'><strong>posses,</strong></span> <span class='ocrx_word' id='word_1_328' title='bbox 1147 3183 1253 3240; x_wconf 86' lang='lat' dir='ltr'><strong>viri</strong></span> <span class='ocrx_word' id='word_1_329' title='bbox 1282 3180 1367 3239; x_wconf 91' lang='lat' dir='ltr'><strong>tui</strong></span> <span class='ocrx_word' id='word_1_330' title='bbox 1394 3182 1598 3239; x_wconf 85' lang='lat' dir='ltr'><strong>similis</strong></span> <span class='ocrx_word' id='word_1_331' title='bbox 1623 3200 1796 3239; x_wconf 85' lang='lat' dir='ltr'><strong>esses.</strong></span> 
     </span>
    </p>

    <p class='ocr_par' dir='ltr' id='par_1_12' title="bbox 441 3260 2434 3494">
     <span class='ocr_line' id='line_1_38' title="bbox 520 3260 2434 3337; baseline 0.001 -18"><span class='ocrx_word' id='word_1_332' title='bbox 520 3261 696 3319; x_wconf 90' lang='lat' dir='ltr'>XXI.</span> <span class='ocrx_word' id='word_1_333' title='bbox 766 3260 1035 3336; x_wconf 85' lang='lat' dir='ltr'><strong>Accipite</strong></span> <span class='ocrx_word' id='word_1_334' title='bbox 1076 3280 1254 3331; x_wconf 86' lang='lat' dir='ltr'><strong>nunc,</strong></span> <span class='ocrx_word' id='word_1_335' title='bbox 1292 3276 1508 3335; x_wconf 81' lang='lat' dir='ltr'><strong>quaeso,</strong></span> <span class='ocrx_word' id='word_1_336' title='bbox 1538 3274 1650 3318; x_wconf 88' lang='lat' dir='ltr'><strong>non</strong></span> <span class='ocrx_word' id='word_1_337' title='bbox 1680 3278 1769 3332; x_wconf 85' lang='lat' dir='ltr'><strong>ea,</strong></span> <span class='ocrx_word' id='word_1_338' title='bbox 1798 3276 1925 3335; x_wconf 74' lang='lat' dir='ltr'><strong>quoe</strong></span> <span class='ocrx_word' id='word_1_339' title='bbox 1968 3260 2087 3337; x_wconf 88' lang='lat' dir='ltr'><strong>ipse</strong></span> <span class='ocrx_word' id='word_1_340' title='bbox 2114 3260 2177 3318; x_wconf 90' lang='lat' dir='ltr'><strong>in</strong></span> <span class='ocrx_word' id='word_1_341' title='bbox 2213 3280 2300 3333; x_wconf 84' lang='lat' dir='ltr'><strong>se,</strong></span> <span class='ocrx_word' id='word_1_342' title='bbox 2342 3272 2434 3320; x_wconf 83' lang='lat' dir='ltr'><strong>at-</strong></span> 
     </span>
     <span class='ocr_line' id='line_1_39' title="bbox 441 3337 2432 3416; baseline 0.001 -18"><span class='ocrx_word' id='word_1_343' title='bbox 441 3358 553 3416; x_wconf 89' lang='lat' dir='ltr'><strong>que</strong></span> <span class='ocrx_word' id='word_1_344' title='bbox 592 3341 655 3398; x_wconf 88' lang='lat' dir='ltr'><strong>in</strong></span> <span class='ocrx_word' id='word_1_345' title='bbox 712 3338 1090 3397; x_wconf 79' lang='lat' dir='ltr'><strong>domesticum</strong></span> <span class='ocrx_word' id='word_1_346' title='bbox 1151 3341 1425 3410; x_wconf 88' lang='lat' dir='ltr'><strong>dedecus,</strong></span> <span class='ocrx_word' id='word_1_347' title='bbox 1464 3337 1715 3414; x_wconf 61' lang='lat' dir='ltr'><strong>impure</strong></span> <span class='ocrx_word' id='word_1_348' title='bbox 1742 3348 1913 3414; x_wconf 87' lang='lat' dir='ltr'><strong>atque</strong></span> <span class='ocrx_word' id='word_1_349' title='bbox 1953 3340 2432 3415; x_wconf 76' lang='lat' dir='ltr'><strong>intemperanter,</strong></span> 
     </span>
     <span class='ocr_line' id='line_1_40' title="bbox 442 3417 2433 3494; baseline 0 -17"><span class='ocrx_word' id='word_1_350' title='bbox 442 3420 544 3477; x_wconf 89' lang='lat' dir='ltr'><strong>sed</strong></span> <span class='ocrx_word' id='word_1_351' title='bbox 586 3438 712 3494; x_wconf 76' lang='lat' dir='ltr'><strong>quae</strong></span> <span class='ocrx_word' id='word_1_352' title='bbox 753 3418 813 3476; x_wconf 84' lang='lat' dir='ltr'><strong>in</strong></span> <span class='ocrx_word' id='word_1_353' title='bbox 852 3434 957 3475; x_wconf 90' lang='lat' dir='ltr'><strong>nos</strong></span> <span class='ocrx_word' id='word_1_354' title='bbox 1011 3417 1203 3475; x_wconf 78' lang='lat' dir='ltr'><strong>fortun</strong></span> <span class='ocrx_word' id='word_1_355' title='bbox 1306 3436 1383 3475; x_wconf 89' lang='lat' dir='ltr'><strong>ue</strong></span> <span class='ocrx_word' id='word_1_356' title='bbox 1441 3428 1682 3488; x_wconf 75' lang='lat' dir='ltr'><strong>nostrae,</strong></span> <span class='ocrx_word' id='word_1_357' title='bbox 1725 3417 1785 3474; x_wconf 87' lang='lat' dir='ltr'><strong>id</strong></span> <span class='ocrx_word' id='word_1_358' title='bbox 1826 3428 1932 3489; x_wconf 84' lang='lat' dir='ltr'><strong>est,</strong></span> <span class='ocrx_word' id='word_1_359' title='bbox 1973 3418 2035 3476; x_wconf 92' lang='lat' dir='ltr'><strong>in</strong></span> <span class='ocrx_word' id='word_1_360' title='bbox 2092 3419 2433 3478; x_wconf 72' lang='lat' dir='ltr'><strong>universam</strong></span> 
     </span>
    </p>

    <p class='ocr_par' dir='ltr' id='par_1_13' title="bbox 340 3494 2437 3881">
     <span class='ocr_line' id='line_1_41' title="bbox 340 3494 2409 3574; baseline 0.001 -20"><span class='ocrx_word' id='word_1_361' title='bbox 340 3506 413 3562; x_wconf 63' lang='grc'><strong>10</strong></span> <span class='ocrx_word' id='word_1_362' title='bbox 442 3498 874 3574; x_wconf 89' lang='lat' dir='ltr'><strong>rempublicam,</strong></span> <span class='ocrx_word' id='word_1_363' title='bbox 906 3495 1078 3573; x_wconf 71' lang='lat' dir='ltr'><strong>impie</strong></span> <span class='ocrx_word' id='word_1_364' title='bbox 1110 3514 1180 3554; x_wconf 87' lang='lat' dir='ltr'><strong>ac</strong></span> <span class='ocrx_word' id='word_1_365' title='bbox 1208 3516 1282 3554; x_wconf 91' lang='lat' dir='ltr'><strong>ne</strong></span> <span class='ocrx_word' id='word_1_366' title='bbox 1309 3494 1452 3568; x_wconf 72' lang='lat' dir='ltr'><strong>arie,</strong></span> <span class='ocrx_word' id='word_1_367' title='bbox 1485 3496 1703 3554; x_wconf 83' lang='lat' dir='ltr'><strong>fecerit.</strong></span> <span class='ocrx_word' id='word_1_368' title='bbox 1785 3496 1885 3554; x_wconf 86' lang='lat' dir='ltr'><strong>Ab</strong></span> <span class='ocrx_word' id='word_1_369' title='bbox 1909 3497 2082 3573; x_wconf 80' lang='lat' dir='ltr'><strong>hujus</strong></span> <span class='ocrx_word' id='word_1_370' title='bbox 2105 3497 2274 3555; x_wconf 79' lang='lat' dir='ltr'><strong>enim</strong></span> <span class='ocrx_word' id='word_1_371' title='bbox 2302 3518 2409 3557; x_wconf 87' lang='lat' dir='ltr'><strong>sce</strong></span> 
     </span>
     <span class='ocr_line' id='line_1_42' title="bbox 439 3575 2430 3652; baseline 0.002 -20"><span class='ocrx_word' id='word_1_372' title='bbox 439 3575 558 3634; x_wconf 90' lang='lat' dir='ltr'><strong>lere</strong></span> <span class='ocrx_word' id='word_1_373' title='bbox 597 3577 854 3634; x_wconf 88' lang='lat' dir='ltr'><strong>omnium</strong></span> <span class='ocrx_word' id='word_1_374' title='bbox 895 3577 1170 3634; x_wconf 86' lang='lat' dir='ltr'><strong>malorum</strong></span> <span class='ocrx_word' id='word_1_375' title='bbox 1212 3575 1559 3652; x_wconf 88' lang='lat' dir='ltr'><strong>principium</strong></span> <span class='ocrx_word' id='word_1_376' title='bbox 1599 3584 1800 3632; x_wconf 89' lang='lat' dir='ltr'><strong>natum</strong></span> <span class='ocrx_word' id='word_1_377' title='bbox 1847 3576 2158 3651; x_wconf 87' lang='lat' dir='ltr'><strong>reperietis.</strong></span> <span class='ocrx_word' id='word_1_378' title='bbox 2242 3577 2430 3650; x_wconf 79' lang='lat' dir='ltr'><strong>Nam,</strong></span> 
     </span>
     <span class='ocr_line' id='line_1_43' title="bbox 440 3652 2434 3725; baseline 0.004 -18"><span class='ocrx_word' id='word_1_379' title='bbox 440 3652 596 3722; x_wconf 72' lang='lat' dir='ltr'><strong>cum,</strong></span> <span class='ocrx_word' id='word_1_380' title='bbox 646 3654 712 3710; x_wconf 88' lang='lat' dir='ltr'><strong>L.</strong></span> <span class='ocrx_word' id='word_1_381' title='bbox 743 3654 1009 3725; x_wconf 88' lang='lat' dir='ltr'><strong>Lentulo,</strong></span> <span class='ocrx_word' id='word_1_382' title='bbox 1055 3655 1124 3711; x_wconf 85' lang='lat' dir='ltr'><strong>C.</strong></span> <span class='ocrx_word' id='word_1_383' title='bbox 1156 3653 1459 3725; x_wconf 86' lang='lat' dir='ltr'><strong>Marcello,</strong></span> <span class='ocrx_word' id='word_1_384' title='bbox 1504 3653 1857 3724; x_wconf 76' lang='lat' dir='ltr'><strong>consulibuS,</strong></span> <span class='ocrx_word' id='word_1_385' title='bbox 1882 3654 2165 3712; x_wconf 86' lang='lat' dir='ltr'><strong>Calendis</strong></span> <span class='ocrx_word' id='word_1_386' title='bbox 2199 3655 2434 3715; x_wconf 74' lang='lat' dir='ltr'><strong>Janua-</strong></span> 
     </span>
     <span class='ocr_line' id='line_1_44' title="bbox 439 3727 2435 3812; baseline 0.006 -31"><span class='ocrx_word' id='word_1_387' title='bbox 439 3727 559 3796; x_wconf 89' lang='lat' dir='ltr'><strong>riis,</strong></span> <span class='ocrx_word' id='word_1_388' title='bbox 588 3730 877 3787; x_wconf 87' lang='lat' dir='ltr'><strong>labantem</strong></span> <span class='ocrx_word' id='word_1_389' title='bbox 909 3742 966 3787; x_wconf 92' lang='lat' dir='ltr'><strong>et</strong></span> <span class='ocrx_word' id='word_1_390' title='bbox 988 3731 1163 3807; x_wconf 74' lang='lat' dir='ltr'><strong>prope</strong></span> <span class='ocrx_word' id='word_1_391' title='bbox 1204 3732 1517 3788; x_wconf 70' lang='lat' dir='ltr'><strong>¹cadentem</strong></span> <span class='ocrx_word' id='word_1_392' title='bbox 1558 3732 1973 3805; x_wconf 75' lang='lat' dir='ltr'><strong>rempublicam</strong></span> <span class='ocrx_word' id='word_1_393' title='bbox 2016 3733 2224 3792; x_wconf 84' lang='lat' dir='ltr'><strong>fulcire</strong></span> <span class='ocrx_word' id='word_1_394' title='bbox 2253 3754 2435 3812; x_wconf 82' lang='lat' dir='ltr'><strong>cupe-</strong></span> 
     </span>
     <span class='ocr_line' id='line_1_45' title="bbox 440 3804 2437 3881; baseline 0.008 -25"><span class='ocrx_word' id='word_1_395' title='bbox 440 3804 595 3873; x_wconf 86' lang='lat' dir='ltr'><strong>retis,</strong></span> <span class='ocrx_word' id='word_1_396' title='bbox 626 3805 845 3880; x_wconf 82' lang='lat' dir='ltr'><strong>ipsique</strong></span> <span class='ocrx_word' id='word_1_397' title='bbox 881 3809 955 3864; x_wconf 82' lang='lat' dir='ltr'><strong>C.</strong></span> <span class='ocrx_word' id='word_1_398' title='bbox 984 3808 1225 3877; x_wconf 73' lang='lat' dir='ltr'><strong>Caesari,</strong></span> <span class='ocrx_word' id='word_1_399' title='bbox 1255 3808 1304 3863; x_wconf 90' lang='lat' dir='ltr'><strong>si</strong></span> <span class='ocrx_word' id='word_1_400' title='bbox 1347 3810 1490 3866; x_wconf 77' lang='lat' dir='ltr'><strong>sana</strong></span> <span class='ocrx_word' id='word_1_401' title='bbox 1531 3819 1724 3866; x_wconf 81' lang='lat' dir='ltr'><strong>mente</strong></span> <span class='ocrx_word' id='word_1_402' title='bbox 1763 3820 1935 3881; x_wconf 84' lang='lat' dir='ltr'><strong>esset,</strong></span> <span class='ocrx_word' id='word_1_403' title='bbox 1977 3812 2285 3872; x_wconf 77' lang='lat' dir='ltr'><strong>consulere</strong></span> <span class='ocrx_word' id='word_1_404' title='bbox 2313 3815 2437 3873; x_wconf 79' lang='lat' dir='ltr'><strong>vel-</strong></span> 
     </span>
    </p>
   </div>
  </div>
 </body>
</html>
