2667 4242
750 305 1023 360 ORATIO
1068 302 1143 355 [N
1187 306 1260 357 M.
1307 305 1715 357 ANTONIUM.
2202 309 2316 367 157

237 467 478 510 oausam
506 436 635 511 esse
679 449 857 507 hastoe
885 447 1153 520 Caesaris,
1185 449 1355 508 aliam
1385 448 1751 507 confidentiae
1777 458 1839 507 et
1877 448 2216 508 temeritatis

235 539 374 587 tuae.
458 528 592 586 Non
637 528 795 591 enim
837 539 894 586 te
936 529 1204 589 dominus
1245 527 1417 586 modo
1448 527 1559 585 illis
1605 529 1859 601 sedibus,
1888 529 1991 585 sed
2033 529 2219 605 quivis

236 609 486 674 amicus,
514 607 759 677 vicinus,
789 608 1014 682 hospes,
1043 618 1395 683 procurator,
1427 607 1661 665 arcebit.

318 685 487 747 XLI.
556 686 640 747 At
664 683 837 761 quam
865 687 1073 745 multos
1098 685 1224 743 dies
1251 686 1311 744 in
1349 687 1421 743 ea
1449 685 1583 743 villa
1609 684 1939 762 turpissime
1966 696 2056 744 est
2094 704 2219 761 per·
2258 744 2274 761 ‚
2377 726 2384 733 -

238 764 593 825 bacchatus!
676 765 775 825 Ab
804 764 943 823 horit
970 764 1141 822 tertia
1166 765 1488 836 bibebatur,
1508 763 1835 835 ludebatur,
1865 765 2214 825 vomebatur.
2280 767 2318 821 5

236 841 298 900 Ο
326 852 485 905 tecta
512 843 636 919 ipsa
662 843 905 904 misera!
991 849 1028 881 ‘⁸
1047 841 1249 905 Quam
1277 844 1491 918 dispari
1520 844 1753 902 domino
1776 845 1830 902 1”
1860 881 1877 899 .
1905 886 1920 902 .
1951 887 1966 902 .
1997 886 2012 901 .
2041 863 2220 918 quan-

232 939 417 997 quam
467 922 750 998 quomodo
798 921 906 980 iste
952 922 1255 981 dominus?
1312 923 1416 980 sed
1469 931 1662 980 tamen
1705 921 1879 999 quam
1921 940 1957 980 a
2003 922 2218 999 dispari

237 998 623 1059 tenebantur!
707 1000 1042 1061 Studiorum
1085 1001 1242 1059 enim
1285 1019 1518 1059 suorum
1546 999 1630 1059 M.
1660 1001 1847 1062 Varro
1873 1000 2050 1059 voluit
2090 1019 2217 1058 esse

236 1078 407 1150 allud,
441 1097 560 1137 non
601 1077 929 1152 libidinum,
972 1079 1368 1138 diversorium.
1464 1079 1621 1143 Qum
1666 1080 1725 1139 in
1769 1079 1869 1138 illa
1908 1080 2041 1137 villa
2084 1089 2217 1137 ante

234 1157 627 1217 dicebantur?
682 1177 813 1232 quae
854 1158 1298 1235 cogitabantur?
1354 1177 1483 1233 quas
1528 1158 1711 1216 literis
1753 1158 2215 1216 mandabantur?
2249 1154 2316 1208 10

234 1234 373 1311 jura
398 1236 592 1312 populi
634 1236 911 1308 Romani,
940 1238 1313 1299 monumenta
1360 1236 1663 1313 majorum,
1690 1237 1880 1294 omnis
1921 1237 2217 1312 sapientias

238 1315 411 1386 ratio,
437 1314 736 1391 omnisque
778 1316 1077 1375 doctrinm.
1160 1316 1244 1375 At
1270 1314 1426 1386 vero,
1455 1315 1854 1391 te.inquilino,
1886 1314 2032 1390 (non
2061 1315 2220 1373 enim

236 1393 507 1472 domino)
560 1395 945 1470 personabant
988 1393 1186 1455 omnia
1236 1393 1477 1453 vocibus
1528 1394 1852 1453 ebriorum:
1941 1393 2220 1451 natabant

238 1471 573 1547 pavimenta
612 1471 787 1531 xino:
856 1472 1169 1533 madebant
1215 1473 1500 1549 parietes&
1567 1472 1807 1550 ingenui
1863 1472 2027 1549 pueri
2082 1491 2218 1531 cum

240 1550 570 1622 meritoriis,
591 1562 781 1611 scorta
802 1551 951 1611 inter
974 1551 1475 1619 matres-fmilias‚
1494 1552 1887 1611 versabantur.
1971 1550 2217 1612 Cassino
2250 1553 2316 1607 15

240 1629 553 1689 salutatum
606 1629 933 1701 veniebant,
990 1631 1245 1707 Aquino,
1300 1630 1657 1690 Interamn&
1770 1629 2078 1689 Admissus
2129 1640 2219 1691 est

239 1726 437 1766 nemo.
533 1706 572 1765 J
576 1727 675 1767 ure
704 1708 761 1767 id
788 1710 1061 1784 quidemz
1098 1709 1160 1771 in
1188 1709 1421 1773 homine
1459 1710 1618 1771 enim
1643 1709 1973 1787 turpissimo
1997 1709 2219 1767 obsole-

244 1785 385 1847 bant
412 1786 710 1865 dignitatis
736 1787 1008 1864 insignia:

324 1863 502 1936 Cum,
533 1865 667 1924 inde
711 1866 962 1924 Romam
1003 1866 1401 1945 proficiscens,
1446 1866 1517 1925 ad
1545 1865 1843 1942 Aquinum
1889 1866 2215 1938 accederet,

230 1942 472 2005 obviam
499 1943 555 2003 ei
583 1945 860 2021 processit
889 1944 980 2023 (ut
1007 1957 1096 2006 est
1117 1946 1384 2022 frequens
1405 1945 1813 2024 municipium)
1840 1963 2054 2021 magna
2072 1943 2215 2003 sane
2244 1942 2318 2001 U

241 2022 567 2083 multitudo.
649 2025 731 2083 At
759 2025 866 2083 iste
905 2025 1105 2100 operta
1148 2025 1361 2085 lectica
1403 2026 1553 2083 latus
1578 2035 1666 2083 est
1706 2042 1805 2100 per
1832 2025 2127 2099 oppidum,
2157 2034 2220 2081 ut

240 2112 521 2159 mortuus.
600 2101 792 2163 Stulte
836 2103 1193 2179 Aquinates:
1250 2105 1354 2162 sed
1397 2115 1592 2162 tamen
1636 2102 1695 2160 in
1725 2102 1818 2159 via
1862 2101 2216 2161 habitabant.

241 2179 411 2241 Quid
457 2180 797 2258 Anagnini?
858 2182 978 2257 qui,
1023 2180 1161 2243 cum
1202 2192 1400 2241 essent
1444 2181 1616 2254 devii,
1664 2181 2109 2251 descenderant,
2159 2192 2222 2239 ut

240 2257 441 2330 istum,
463 2268 737 2337 tanquam
756 2261 807 2321 si
827 2272 980 2321 esset
1000 2263 1224 2334 consul,
1245 2263 1579 2320 salutarent.
1649 2258 2003 2317 Incredibile
2025 2258 2185 2318 dictu
2203 2279 2218 2330 ;

244 2347 441 2395 tamen
486 2337 634 2397 inter
678 2359 881 2398 omnes
928 2342 1249 2412 constabat,
1295 2340 1590 2399 neminem
1629 2357 1764 2407 ,esse
1807 2337 2218 2409 resalutatum3
2246 2340 2318 2395 25

242 2416 561 2492 praesertim
603 2416 743 2477 cum
783 2419 928 2477 duos
968 2440 1169 2479 secum
1199 2420 1544 2496 Anagninos
1587 2419 1844 2489 haberet,
1891 2416 2255 2475 Mustellam·

244 2505 306 2553 et
350 2495 680 2567 Laconem3
742 2518 982 2573 quorum
1028 2499 1172 2557 alter
1219 2500 1542 2576 gladiorum
1594 2508 1683 2557 est
1733 2496 2026 2574 princeps,
2078 2497 2220 2556 alter

242 2574 601 2649 poculorum.
668 2576 834 2638 Quid
862 2598 987 2656 ego,
999 2578 1126 2637 illas
1150 2578 1312 2636 istius
1334 2577 1521 2637 minas
1549 2576 2039 2652 contumeliasque
2066 2596 2222 2635 coms-

244 2671 586 2724 memorem,
614 2654 822 2730 quibus
863 2657 1126 2715 invectus
1153 2667 1240 2714 est
1284 2657 1341 2714 in
1372 2656 1682 2727 Sidicinos,
1711 2655 1933 2713 vexavit
1960 2655 2221 2714 Puteola-

242 2749 372 2802 nos,
400 2729 556 2807 quod
596 2732 669 2791 C.
699 2732 988 2805 Cassium,
1031 2734 1185 2811 quod
1231 2735 1458 2807 Brutos,
1496 2747 1763 2812 patronos
1812 2735 2219 2811 adoptassent‘t
2245 2733 2319 2788 30

244 2828 462 2886 magno
487 2811 719 2886 quidem
740 2813 983 2889 jndicio,
1011 2814 1222 2883 studio,
1253 2814 1673 2885 benevolentia,
1700 2813 1974 2883 caritate;
2018 2833 2133 2871 non
2157 2824 2222 2871 ut

244 2898 324 2959 te,
351 2899 420 2947 ut
446 2888 723 2962 Basilum,
745 2891 801 2950 vi
821 2902 879 2950 et
903 2893 1094 2964 armis,
1117 2902 1176 2951 et
1199 2893 1339 2951 alios
1364 2894 1531 2950 vestri
1552 2892 1789 2962 simileS,
1811 2911 1952 2968 quos
1979 2892 2222 2950 clientes

242 2985 420 3025 nemo
448 2968 662 3027 habere
679 2970 844 3040 -velit,
874 2991 991 3029 non
1020 2969 1190 3029 modo
1217 2991 1345 3031 esse
1375 2972 1598 3030 illorum
1626 2971 1826 3028 cliens.

324 3044 525 3103 XLII.
594 3046 846 3119 Interea,
902 3050 1040 3107 dum
1085 3060 1146 3108 tu
1192 3052 1348 3121 abes,
1391 3050 1490 3125 qui
1531 3050 1655 3107 dies
1698 3048 1791 3104 ille
1834 3046 2069 3123 collegae
2109 3048 2215 3114 tui,

245 3121 384 3181 eum
414 3123 576 3194 illud,
602 3126 754 3200 quod
795 3137 857 3184 tu
888 3130 1146 3186 venerari
1186 3130 1431 3199 solebas,
1461 3129 1690 3186 bustum
1733 3126 1792 3183 in
1838 3126 1957 3182 soro
1984 3126 2217 3183 evertit!
2245 3131 2318 3189 ³5

242 3202 361 3277 qui
389 3221 453 3261 re
480 3203 585 3261 tibi
612 3204 898 3277 nuntiata,
931 3209 1023 3284 (ut
1049 3208 1518 3266 constabat-inter
1546 3225 1664 3277 eoa,
1687 3203 1785 3281 qui
1813 3201 1930 3261 una
1958 3202 2227 3283 fuerunt),

240 3281 575 3339 concidisti.
672 3283 839 3345 Quid
880 3287 1139 3344 evenerit
1184 3297 1405 3362 postea,
1454 3284 1670 3343 nescio.
1772 3282 1996 3342 Metum
2048 3283 2223 3340 credo

243 3358 495 3418 valuisse
522 3369 582 3417 et
608 3378 784 3420 arma.
867 3363 1165 3441 Collegam
1205 3365 1552 3440 quidem.de
1580 3363 1729 3421 coelo
1767 3360 2101 3432 detraxisti3
2143 3360 2225 3417 efi-

245 3438 571 3514 secistique‚
601 3458 718 3497 non
762 3451 824 3499 tu
851 3444 1082 3517 quidem
1110 3443 1284 3502 etiam
1327 3463 1508 3516 nunc,
1537 3454 1601 3501 ut
1641 3441 1716 3500 sit
1742 3441 1945 3499 similis
1988 3439 2093 3511 tui,
2120 3439 2221 3496 sed

244 3514 430 3588 certe,
461 3527 526 3575 ut
551 3517 847 3578 dissimilis
873 3533 1024 3580 esset
1049 3522 1155 3581 sui.
2245 3520 2319 3579 40

323 3596 451 3658 Qui
495 3594 631 3654 vero
682 3599 898 3657 reditus
941 3601 1078 3658 inde
1122 3601 1421 3660 Romam?
1482 3618 1608 3676 quffl
1650 3595 2001 3675 perturbatio
2048 3596 2222 3656 totius

246 3675 448 3733 urbis?
532 3674 974 3737 Mimineramus
990 3680 1243 3738 Cinnam
1262 3681 1435 3751 nimis
1453 3688 1766 3755 potentem,
1786 3676 2007 3733 Sullam
2022 3686 2223 3752 postea

242 3753 678 3823 dominantem;
722 3755 893 3815 modo
923 3770 1260 3835 regnantem
1289 3761 1582 3817 Caesarem
1613 3750 1954 3813 videramus.
2038 3754 2222 3813 Erant

244 3831 489 3892 sortasse
516 3832 850 3972 gladii,ls;2d
894 3838 1237 3911 absconditi,
1268 3857 1380 3896 nec
1409 3837 1490 3895 ita
1517 3835 1699 3894 multi.
1782 3834 1904 3892 Ista
1929 3831 2065 3893 vero
2093 3854 2220 3911 quae
