2667 4242
695 267 970 319 ORATIO
1012 268 1152 319 PRO
1193 267 1390 319 LEGE
1433 265 1764 317 MAmLiA„
2238 263 2322 323 ⁴8

240 430 317 473 ac
345 408 505 482 focis,
534 412 606 468 de
637 410 783 470 fanis
813 431 883 469 ac
907 411 1153 488 templis,
1177 412 1248 470 de
1275 410 1450 470 totius
1477 409 1638 467 urbis
1661 407 1832 467 tectis
1861 425 1931 465 ac
1960 406 2214 476 sedibus,

152 535 159 543 .
239 491 318 548 de
347 490 601 565 imperio,
631 492 703 548 de
732 491 1015 563 libertate,
1045 492 1118 549 de
1157 491 1342 548 salute
1384 490 1587 559 Italiae,
1616 490 1803 562 deque
1831 485 2098 544 universa
2131 504 2215 542 re-

234 569 495 643 publica,
526 569 819 626 decernite
859 570 1183 646 diligenter,
1213 567 1649 638 ut·instituisti8,
1680 586 1748 624 ac
1777 565 2014 624 fortiter.
2095 563 2217 620 Ha-

238 646 391 703 betis
419 647 575 704 enim
601 667 734 704 eum
764 649 1077 718 consulem,
1106 648 1203 722 qui
1244 657 1302 704 et
1343 665 1542 723 parere
1584 645 1784 703 vestris
1823 642 2073 701 decretis
2101 661 2215 699 non

236 721 485 796 dubitet,
513 737 573 782 et
611 730 709 794 ea,
728 746 853 801 quae
896 727 1227 798 statueritis,
1255 727 1445 802 quoad
1472 726 1638 796 vivet,
1671 723 2004 794 defendere,
2031 731 2091 779 et
2113 738 2214 798 per
2283 709 2321 762 5

233 823 306 861 se
336 804 518 879 ipsum
545 815 832 880 praestare,
861 806 1051 881 possit.

1013 1210 1470 1302 ORATIO

418 1425 704 1500 PRO
809 1425 1208 1504 LEGE
1311 1420 2039 1504 MANILIA.

327 1729 375 1788 l.
454 1730 820 1794 QUANQUAM
874 1730 1015 1788 m‘ihi
1069 1730 1293 1807 semper
1349 1731 1616 1807 frequens
1656 1743 1997 1808 conspectus
2036 1742 2222 1790 vester

241 1807 428 1867 multo
452 1810 922 1886 jucundissimus,
953 1810 1049 1868 hic
1077 1822 1268 1867 autem
1309 1809 1474 1867 locus
1515 1810 1586 1868 ad
1630 1811 1916 1887 agendum
1948 1811 2223 1887 amplissi-

188 1953 214 1969 .<
238 1907 396 1958 mus,
441 1890 510 1946 ad
553 1888 864 1946 dicendum
909 1888 1305 1945 ornatissimus
1345 1899 1433 1946 est
1473 1889 1646 1960 visus,
1685 1888 1983 1958 Quirites3
2027 1900 2220 1947 tamen

61 1963 70 1970 ’
168 1984 179 1991 ·
241 1968 360 2025 hoc
402 1967 559 2023 aditu
599 1967 806 2037 laudis,
835 1966 933 2042 qui
976 1985 1195 2041 semper
1235 1967 1450 2042 optimo
1491 1966 1700 2042 cuique
1729 1965 1976 2024 maxime
2019 1968 2219 2044 patuit,
2259 1979 2327 2033 10

240 2066 364 2103 non
406 2064 537 2102 mea
576 2064 668 2102 me
708 2046 991 2114 voluntas,
1033 2045 1155 2117 sed,
1190 2063 1332 2101 meae
1373 2045 1503 2102 vitae
1561 2048 1832 2116 rationes,
1875 2047 1947 2102 ab
1989 2046 2223 2104 ineunte

242 2133 419 2190 aetate
447 2133 747 2198 susceptae,
774 2122 1202 2198 prohibuerunt.
1286 2121 1444 2178 Nam
1465 2121 1602 2180 cum
1632 2135 1820 2193 antea,
1847 2143 1950 2198 per
1977 2134 2223 2195 aetatem,

246 2202 511 2259 nondum
554 2201 721 2275 hujus
764 2200 1161 2257 auctoritatem
1201 2199 1315 2257 loci
1359 2201 1638 2277 attingere
1669 2202 1974 2270 auderem3
2017 2213 2227 2260 statue-

249 2298 511 2354 remque,
542 2279 684 2336 nihil
713 2279 849 2349 huc,
879 2278 990 2336 nisi
1016 2278 1331 2353 perfectum
1374 2278 1625 2356 ingenio,
1655 2280 2006 2337 elaboratum
2035 2280 2226 2338 indus-

250 2358 388 2428 tria,
421 2357 607 2414 afferri
635 2369 925 2433 oportere;
967 2368 1351 2414 ornnemeum
1373 2368 1595 2433 tempus
1625 2358 1938 2425 amicorum
1961 2361 2224 2439 tempori-
2261 2371 2327 2424 15

249 2438 364 2494 bus
404 2436 904 2493 transmittendum
962 2435 1172 2512 putavi.
1256 2435 1351 2492 Ita
1402 2444 1588 2512 neque
1643 2436 1739 2494 hic
1792 2438 1952 2496 locus
2006 2458 2222 2507 vacuus

247 2533 508 2591 unquam
533 2514 636 2572 fuit
666 2515 737 2572 ab
767 2514 836 2571 iis
862 2514 959 2590 qui
989 2525 1231 2571 vestram
1260 2533 1496 2572 causam
1525 2516 1930 2587 defenderent3
1972 2528 2031 2575 et
2059 2538 2222 2577 meus

244 2596 431 2665 labor,
461 2594 521 2651 in
562 2594 906 2668 privatorum
948 2593 1220 2669 periculis
1261 2593 1420 2653 caste
1464 2594 1800 2671 integreque
1842 2608 2113 2667 versatus,
2151 2617 2223 2655 ex

245 2683 438 2731 vestro
472 2672 692 2748 judicio
735 2673 983 2729 fructum
1025 2682 1113 2729 est
1154 2671 1566 2748 amplissimum
1621 2686 1981 2734 consecutus,
2065 2676 2123 2732 N
2131 2695 2222 2733 am

248 2751 408 2821 cum,
437 2763 661 2827 propter
701 2751 1033 2808 dilationem
1077 2750 1456 2820 comitiorum,
1485 2758 1578 2809 ter'
1610 2766 1810 2828 praetor
1847 2754 2062 2829 primus
2090 2774 2223 2812 cen·
2255 2760 2328 2812 20

246 2830 416 2888 turiis
457 2830 682 2887 cunctis
723 2829 1093 2905 renuntiatus
1122 2848 1268 2899 sum,
1311 2828 1482 2887 facile
1526 2831 1799 2902 intellexi,
1838 2832 2124 2903 Quirites,
2167 2842 2227 2890 et

247 2910 388 2984 quid
429 2910 500 2966 de
543 2928 634 2965 me
669 2908 1026 2984 judicaretiS,
1056 2918 1113 2964 et
1152 2908 1290 2983 quid
1328 2906 1455 2976 aliis
1480 2911 1941 2986 praescriberetis,
2024 2911 2223 2981 Nunc,

248 2987 387 3046 cum
417 3001 474 3046 et
503 2986 858 3046 auctoritatis
888 2987 944 3044 in
975 3006 1065 3043 me
1086 2996 1316 3045 ,tantum
1353 2987 1444 3058 sit,
1472 2999 1748 3064 quantum
1777 3010 1874 3047 vos
1916 2990 2227 3046 honoribus

162 3062 165 3067 ’
248 3067 596 3124 mandandis
636 3086 762 3124 esse
801 3065 1076 3135 voluistis,
1107 3076 1164 3122 et
1205 3065 1277 3121 ad
1320 3069 1608 3143 agendum
1650 3068 1941 3125 facultatis
1980 3078 2225 3138 tantum,

249 3156 529 3220 quantum
558 3144 771 3202 homini
803 3143 1060 3220 vigilanti
1089 3164 1159 3202 ex
1187 3144 1397 3201 forensi
1439 3159 1544 3203 usu
1583 3146 1757 3221 prope
1786 3145 2120 3220 quotidiana
2146 3144 2227 3200 di·
2259 3148 2332 3201 25

251 3224 425 3285 cendi
454 3223 788 3282 exercitatio
828 3222 1007 3298 potuit
1037 3222 1272 3291 afferre3
1317 3223 1498 3296 certe,
1526 3235 1602 3295 et,
1632 3225 1680 3281 si
1708 3224 1845 3299 quid
1877 3222 2229 3279 auctoritatis

252 3303 315 3360 in
344 3318 437 3363 me
464 3313 571 3374 est,
601 3301 670 3360 ei
713 3302 861 3378 apud
904 3320 1023 3359 eos·
1043 3311 1189 3371 utar,
1218 3300 1317 3375 qui
1359 3321 1487 3359 eam
1527 3303 1667 3360 mihi
1711 3303 2028 3369 dederunt3
2073 3309 2149 3369 et,
2179 3300 2227 3356 si

252 3381 395 3456 quid
434 3380 609 3443 etiam
650 3376 896 3438 dicendo'
943 3378 1214 3454 consequi
1268 3399 1519 3453 possum,
1562 3381 1631 3437 iis
1669 3380 1969 3437 ostendam
2009 3378 2230 3454 potissi-

258 3458 447 3533 mum,
466 3458 565 3537 qui
593 3458 647 3517 ei
674 3478 895 3535 quoque
922 3458 1007 3516 rei
1037 3458 1285 3515 fructum
1315 3477 1419 3514 suo
1442 3458 1660 3532 judicio
1701 3456 2069 3514 tribuendum
2103 3475 2228 3514 esse
2309 3502 2314 3507 .

258 3546 623 3635 consuetum.
706 3538 898 3613 Atque
928 3537 1065 3593 illud
1098 3536 1155 3592 in
1184 3535 1381 3611 primis
1423 3535 1560 3591 mihi
1604 3534 1910 3592 laetandum
1948 3533 2075 3609 jure
2103 3554 2229 3593 esse
2260 3536 2333 3593 30

226 3614 443 3689 ‘videm
468 3616 644 3693 quod,
675 3615 733 3675 in
768 3618 879 3672 hac
908 3615 1135 3672 insolita
1166 3612 1303 3668 mihi
1334 3632 1406 3669 ex
1435 3615 1544 3670 hoc
1572 3613 1698 3669 loco
1728 3612 1945 3668 ratione
1974 3613 2229 3689 dicendi,

258 3710 434 3773 coma
472 3696 606 3761 talis
643 3695 836 3753 oblata
878 3704 984 3762 est,
1027 3692 1085 3750 in
1127 3690 1240 3766 qua
1293 3690 1477 3747 oratio
1518 3690 1716 3746 deesse
1772 3690 1986 3761 nemini
2028 3705 2224 3770 potest.

258 3754 589 3843 Dbeadum
642 3783 730 3833 est
783 3772 939 3830 enim
980 3772 1051 3828 de
1107 3771 1217 3827 Cn.
1261 3767 1520 3842 Pompeii
1581 3756 1857 3840 singulari
1904 3771 2229 3847 eximiaque

2189 4100 2512 4182 A
