2667 4242
705 303 986 358 ,οιιΑΤιο
1030 303 1169 354 rao
1217 248 1413 354 finos
1455 303 1789 354 MAmmA.
2256 308 2338 368 53
2387 268 2392 275 ’

269 445 542 522 liquerit?
623 446 834 506 Vestra
862 446 1312 506 admurmuratio
1337 446 1499 520 facit,
1524 447 1812 519 Quirites,
1839 455 1905 505 ut
1932 464 2245 524 agnoscere

270 525 602 596 videamini,
630 526 727 601 qui
758 526 882 584 haec
926 525 1200 584 fecerint:
1243 545 1353 603 ego
1397 537 1589 584 autem
1632 528 1924 585 neminem
1971 526 2242 584 nomino:

269 622 448 678 quare
477 604 647 662 irasci
676 604 817 662 mihi
845 623 1014 662 nemo
1054 605 1279 680 poterit,
1308 605 1421 662 nisi
1463 605 1561 695 qui
1607 605 1740 662 ante
1781 605 1855 663 de
1897 624 1960 663 se
2003 604 2247 662 voluerit

269 682 549 740 confiteri.
631 681 855 758 Itaque,
873 693 1095 777 propter
1118 684 1271 742 hanc
1299 683 1598 741 avaritiam
1620 684 2045 760 imperatorum,
2067 701 2242 758 quan·

267 769 362 816 tas
389 760 765 832 calamitates,
808 759 1154 837 quocunque
1195 770 1431 819 ventum
1479 762 1572 833 sit,
1616 762 1792 821 nostri
1837 761 2125 820 exercitus
2166 760 2244 817 fe-
2306 767 2345 820 5

267 849 420 910 rant,
448 839 577 913 quis
605 840 868 916 ignorat'l
948 838 1188 911 Itinera,
1234 860 1363 916 quae
1410 859 1511 917 per
1540 841 1711 899 hosce
1759 859 1939 899 annos
1985 840 2045 896 in
2073 837 2248 895 Italia

265 936 371 992 per
402 936 566 994 agros
596 928 764 993 atque
790 917 998 994 oppida
1033 919 1245 975 civium
1294 918 1690 976 Romanorum
1712 919 1907 978 ·nostri
1949 918 2249 993 imperato-

269 1014 366 1052 res
388 996 670 1067 fecerunt,
701 996 1119 1054 recordamini:
1160 1006 1283 1054 tum
1325 995 1557 1054 facilius
1602 997 1882 1068 statuetiS,
1929 997 2065 1072 quid
2096 994 2247 1071 apud

269 1084 502 1131 exteras
529 1075 790 1132 nationes
816 1074 940 1131 fieri
969 1075 1320 1132 existimetis
1403 1074 1610 1133 Utrum
1653 1076 1844 1153 plures
1892 1073 2247 1132 arbitramini

268 1171 378 1227 per
409 1153 582 1210 hosce
611 1171 789 1210 annos
814 1152 1061 1209 militum
1089 1164 1403 1212 vestrorum
1435 1154 1607 1212 armis
1647 1154 1892 1212 hostium
1921 1153 2109 1224 urbes,
2153 1171 2246 1223 an,
2278 1159 2346 1213 10

159 1230 554 1303 -hibernis,
583 1231 869 1289 sociorum
897 1231 1177 1303 civitatee,
1206 1251 1332 1290 esse
1378 1231 1639 1289 deletas?
1722 1231 1930 1308 Neque
1976 1231 2129 1289 enim
2156 1250 2252 1307 po-

268 1318 388 1366 test
415 1309 730 1367 exercitum
760 1310 809 1367 is
837 1310 1131 1368 continere
1160 1310 1484 1387 imperator,
1513 1310 1610 1386 qui
1659 1329 1721 1368 se
1770 1311 1953 1387 ipsum
1980 1329 2095 1369 non
2116 1329 2251 1368 con-

268 1388 456 1458 tinet;
497 1408 684 1463 neque
712 1407 945 1447 severus
972 1408 1100 1447 esse
1125 1390 1185 1447 in
1207 1389 1542 1465 judicando,
1571 1389 1667 1465 qui
1700 1389 1841 1448 alios
1884 1388 1944 1447 in
1986 1408 2049 1446 se
2095 1408 2252 1447 seve-

269 1486 366 1525 ros
393 1487 519 1524 esse
539 1467 767 1543 judices
793 1487 908 1525 non
936 1466 1070 1525 vult.

353 1545 475 1603 Hic
517 1546 809 1618 miramur,
861 1546 1017 1603 hunc
1060 1546 1350 1603 hominem
1393 1544 1617 1603 tantum
1662 1546 1945 1605 excellere
1999 1543 2246 1615 caeteris,
2281 1551 2349 1605 1⁵

272 1624 442 1700 cujus
467 1624 720 1700 legiones
748 1624 834 1682 sic
862 1624 921 1681 in
951 1624 1152 1681 Asiam
1180 1636 1581 1699 pervenerunt,
1611 1633 1674 1682 ut
1701 1645 1816 1683 non
1845 1622 2015 1682 modo
2044 1643 2251 1681 manus

271 1703 420 1759 tanti
454 1703 758 1774 exercitus,
808 1703 910 1761 sed
953 1723 1027 1762 ne
1074 1704 1380 1799 vestigium
1427 1704 1681 1779 quidem,
1730 1704 2001 1779 cuiquam
2043 1714 2250 1779 pacato

270 1781 539 1838 nocuisse
566 1782 832 1839 dicatur?
916 1780 1048 1838 Jam
1084 1779 1240 1852 vero,
1285 1783 1767 1855 quemadmodum
1811 1783 2024 1842 milites
2064 1782 2252 1839 hiber-

270 1870 434 1929 nent,
462 1859 712 1934 quotidie
757 1878 1048 1917 sermones
1091 1878 1161 1916 ac
1202 1860 1383 1917 literae
1425 1861 1803 1951 perferuntur.
1887 1856 2025 1919 Non
2056 1858 2247 1931 modo,

180 1936 186 1942 ’
271 1948 340 1994 ut
381 1948 669 2027 sumptum
717 1937 894 1995 faciat
939 1939 997 1995 in
1040 1938 1303 2008 militem,
1331 1939 1551 1997 nemini
1593 1939 1679 1995 vis
1724 1939 1988 2014 affertur;
2032 1939 2134 1996 sed
2174 1958 2249 1996 ne
2275 1941 2349 1996 20

240 2017 532 2105 ‘cupienti
585 2015 820 2089 quidem
873 2016 1144 2090 cuiquam
1196 2016 1558 2092 permittitur.
1643 2016 1871 2074 Hiemis
1918 2006 2094 2087 enim,
2134 2036 2250 2074 non

276 2095 553 2164 avaritiae,
580 2093 907 2169 perfugium
936 2092 1179 2168 majores
1221 2094 1398 2152 nostri
1426 2095 1486 2152 in
1534 2094 1818 2152 sociorum
1847 2105 2016 2171 atque
2046 2096 2254 2153 amico-

281 2190 409 2228 rum
438 2172 609 2228 tectis
636 2190 761 2228 esse
789 2171 1107 2229 voluerunt.

361 2249 532 2307 XIV.
602 2249 733 2327 Age
774 2247 931 2321 vero,
974 2250 1198 2308 caeteris
1237 2251 1296 2308 in
1335 2251 1510 2308 rebus
1548 2250 1703 2326 quali
1743 2251 1818 2308 sit
1855 2252 2356 2332 temperantia(

279 2328 659 2387 considerate.
743 2326 911 2387 Unde
951 2328 1106 2386 illam
1147 2339 1365 2387 tantam
1413 2330 1785 2402 celeritatem,
1815 2340 1872 2387 et
1910 2340 2029 2388 tam
2070 2322 2348 2389 incre-23

277 2408 518 2465 dibilem
563 2426 796 2499 curguwm
842 2407 1132 2465 inventum
1176 2409 1430 2484 putatis?
1486 2428 1600 2467 non
1644 2409 1797 2467 enim
1843 2410 2001 2466 illum
2038 2411 2286 2468 eximia

274 2486 364 2543 vis
392 2487 692 2562 remigum,
725 2497 822 2544 aut
851 2506 943 2544 ars
971 2486 1230 2544 inaudita
1255 2487 1516 2562 quaedam
1557 2488 1937 2564 gubernandi,
1967 2500 2065 2547 aut
2093 2490 2246 2557 venti

276 2564 453 2640 aliqui
482 2565 632 2636 novi,
660 2576 778 2623 tam
816 2565 1080 2624 celeriter
1123 2566 1183 2622 in
1228 2567 1458 2624 ultimas
1497 2576 1678 2624 terras
1716 2568 2102 2643 pertulerunt:
2145 2570 2248 2625 sed

274 2643 364 2700 hae
393 2663 504 2714 reS,
532 2662 658 2717 quae
706 2655 941 2702 caeteros
986 2645 1258 2702 remorari
1303 2645 1505 2716 solent,
1536 2666 1649 2703 non
1694 2647 2088 2705 retardarunt.
2131 2668 2244 2705 non

276 2722 516 2779 avaritia
545 2724 616 2778 ab
646 2722 903 2781 instituto
930 2742 1101 2779 cursu
1133 2725 1203 2781 ad
1230 2724 1482 2800 praedam
1512 2724 1757 2800 aliquam
1786 2725 2102 2798 devocavit,
2132 2747 2244 2783 non
2271 2727 2343 2795 30

272 2796 453 2858 libido
487 2801 559 2858 ad
605 2802 969 2877 voluptatem,
1008 2821 1121 2861 non
1167 2802 1468 2859 amoenitas
1512 2804 1585 2861 ad
1628 2804 2089 2876 delectationem,
2132 2825 2246 2862 non

273 2879 542 2937 nobilitas
586 2880 742 2937 urbis
786 2880 858 2936 ad
901 2879 1305 2968 cognitionem,
1356 2901 1469 2938 non
1514 2882 1760 2957 denique
1807 2882 1966 2940 labor
2011 2884 2130 2959 ipse
2173 2883 2245 2939 ad

272 2958 557 3030 quietem3
598 2955 906 3034 postremo,
947 2958 1132 3035 signa,
1162 2969 1220 3015 et
1265 2960 1511 3031 tabulaS,
1541 2972 1862 3037 caeteraque
1907 2972 2247 3020 ornamenta

272 3035 608 3093 Graecorum
636 3037 988 3113 oppidorum,
1017 3056 1143 3112 quas
1189 3039 1383 3095 caeteri
1427 3038 1679 3096 tollenda
1721 3060 1846 3098 esse
1876 3040 2286 3111 arbitrantur,

273 3132 343 3169 ea
390 3113 499 3170 sibi
548 3115 643 3172 ille
685 3135 760 3173 ne
802 3115 1038 3172 visenda
1078 3117 1309 3191 quidem
1359 3117 1718 3175 existimavit.
1801 3119 2006 3192 Itaque
2046 3136 2244 3175 omnes
2270 3090 2341 3170 35

271 3193 503 3267 quidem
548 3213 703 3251 nunc
731 3194 791 3251 in
837 3193 927 3250 his
952 3192 1096 3250 locis
1139 3194 1249 3252 Cn.
1279 3194 1636 3270 Pompeium,
1666 3196 1815 3253 sicut
1854 3196 2098 3270 aliquem
2128 3215 2244 3254 non

272 3288 343 3327 ex
374 3272 485 3327 hac
512 3272 653 3329 urbe
680 3273 937 3342 missum,
965 3273 1066 3330 sed
1096 3273 1167 3330 de
1197 3273 1344 3330 coelo
1371 3272 1686 3349 delapsum,
1718 3274 2042 3332 intuentur:
2085 3294 2245 3332 nunc

274 3348 535 3423 denique
578 3348 858 3426 incipiunt
921 3352 1178 3422 credere,
1235 3352 1412 3409 fuisse
1466 3350 1727 3409 homines
1780 3352 2076 3409 Romanos
2133 3354 2243 3410 hac

273 3427 559 3513 quondam
606 3428 979 3498 abstinentia,
1022 3398 1178 3504 quod
1211 3429 1329 3505 J’am
1372 3429 1702 3487 nationibus
1743 3429 1952 3489 exteris
2000 3430 2245 3488 incredi-

275 3503 408 3576 bile,
441 3508 510 3565 ac
552 3505 692 3564 falso
737 3507 1023 3565 memoriae
1064 3509 1372 3583 proditum,
1403 3509 1718 3565 videbatur.
1802 3507 1981 3564 Nunc
2022 3509 2241 3584 imperii
2269 3507 2340 3562 40

268 3585 443 3641 vestri
496 3584 758 3681 splendor
816 3586 930 3643 illis
970 3587 1238 3661 gentibus
1279 3585 1472 3643 lucet:
1529 3603 1687 3641 nunc
1743 3584 2085 3659 intelligunt,
2127 3608 2242 3648 non

270 3660 395 3719 sine
423 3663 596 3723 causa
643 3664 883 3740 majores
926 3683 1060 3720 suos
1102 3661 1432 3732 tum,ci1m
1478 3664 1590 3717 hac
1632 3662 2010 3737 temperantia
2038 3668 2244 3743 magis-

275 3748 449 3891 gatus
491 3742 865 3814 habebamus,
909 3742 1121 3799 servire
1167 3740 1376 3816 populo
1421 3739 1710 3809 Romano,
1751 3735 1923 3813 quam
1965 3741 2241 3818 imperare

330 3838 399 3876 us
446 3821 734 3877 maluisse.

745 3895 837 3953 5*
