2667 4242
329 307 459 383 m
934 299 1210 351 camo
1254 299 1329 349 m
1374 297 1451 347 M.
1494 296 1899 347 ΑΝΤοΝιυΜ.
1997 257 2002 262 ’

430 444 591 521 bare,
631 466 707 506 ne
746 466 861 505 non
900 454 1235 523 putaremus
1271 442 1477 502 natura
1518 452 1576 500 te
1615 441 1872 519 potuisse
1916 450 2037 499 tam
2091 439 2418 517 improbum

432 528 697 597 evadere,
726 526 837 584 nisi
867 523 1206 583 accessisset
1232 522 1407 579 etiam
1437 521 1784 597 disciplina?

512 604 687 663 VIII.
756 604 912 662 Tam
942 614 1133 660 autem
1161 620 1290 659 eras
1319 620 1540 671 excors,
1573 611 1652 671 ut,
1682 599 1800 658 tota
1830 599 1890 657 in
1916 597 2196 669 oratione,
2219 608 2424 656 tecum

435 683 555 762 ipse
582 702 897 760 pugnares;
942 693 1006 739 ut
1031 701 1145 739 non
1174 678 1344 738 modo
1374 699 1488 737 non
1525 678 1873 738 cobaerentia
1901 678 2048 735 inter
2075 697 2139 735 se
2167 677 2415 749 dicereS,

363 766 401 827 5
435 764 537 823 sed
564 760 812 820 maxime
842 762 1130 837 disjuncta
1171 769 1340 835 atque
1377 759 1695 827 contraria3
1739 768 1804 814 ut
1829 777 1945 815 non
1973 766 2136 813 tanta
2160 775 2416 827 mecum,

473 851 651 899 uanta
688 852 903 911 tecum,
933 840 1038 897 tibi
1076 849 1228 897 esset
1254 837 1586 896 contentio'l
1654 837 1947 895 Vitricum
1973 846 2139 892 tuum
2168 836 2228 893 in
2258 846 2419 892 tanto

434 861 614 978 fuisse
639 919 859 977 scelere
888 919 1176 987 fatebare;
1218 917 1390 993 poena
1420 916 1691 973 affectum
1719 915 2052 991 querebare.
2122 913 2237 986 Ita,
2266 915 2418 990 quod

434 995 660 1076 proprie
701 1016 895 1055 meum
924 1007 1041 1069 est,
1068 996 1351 1057 laudasti:
1393 995 1543 1070 quod
1583 1005 1766 1052 totum
1806 993 2042 1052 senatus
2080 1004 2188 1064 est,
2231 1014 2420 1071 repre·

438 1076 726 1135 hendisti:
783 1097 918 1135 nam
973 1074 1407 1153 comprehensio
1446 1074 1715 1145 sontium,
1758 1091 1928 1142 mea;
1976 1073 2416 1143 animadversio,
2510 1097 2517 1103 ·

336 1161 413 1227 10»
438 1156 672 1214 senatus
700 1156 822 1217 fuit.
905 1155 1098 1213 Homo
1140 1154 1387 1212 disertus
1428 1173 1543 1211 non
1582 1152 1871 1237 intelligit,
1900 1170 2055 1222 eum,
2082 1170 2257 1227 quem
2287 1171 2420 1209 con·

438 1244 529 1307 tra
555 1235 718 1307 dicit,
746 1235 969 1293 laudari
1000 1253 1034 1292 a
1059 1253 1155 1304 se3
1197 1253 1316 1304 eos,
1347 1233 1499 1309 apud
1524 1251 1668 1307 quos
1695 1232 1860 1302 dicit,
1888 1230 2216 1306 vituperari.

519 1313 654 1372 Jam
707 1314 848 1372 illud
902 1313 1068 1389 cujus
1119 1322 1225 1383 est,
1267 1331 1383 1370 non
1424 1312 1557 1368 dico
1601 1310 1881 1380 audaciae,
1928 1308 2116 1385 (cupit
2155 1309 2317 1367 enim
2360 1328 2421 1366 se

443 1394 725 1455 audacem
767 1393 912 1529 die&
952 1393 1054 1450 sed
1097 1390 1275 1467 (quod
1318 1389 1556 1448 minime
1598 1390 1744 1468 vuit)
1789 1388 2065 1458 stultitiae,
2093 1389 2209 1464 qua
2240 1389 2422 1446 vincit

356 1485 373 1507 ⁴¹
440 1490 660 1542 omneS,
689 1472 822 1530 clivi
906 1470 1159 1548 apitolini
1190 1469 1537 1527 mentionem
1568 1469 1780 1540 facere,
1804 1466 1940 1525 cum
1969 1468 2116 1525 inter
2143 1468 2424 1524 subsellia

342 1564 415 1621 u
442 1560 637 1608 nostra
655 1560 949 1607 versentur
980 1549 1224 1607 armati?
1267 1547 1405 1605 cum
1432 1548 1492 1606 in
1521 1548 1633 1605 hac
1662 1548 1810 1606 cella
1837 1546 2201 1617 Concordiae,
2228 1545 2296 1623 (o
2321 1547 2420 1605 Dii

443 1628 852 1707 immortalesl)
897 1628 958 1685 in
989 1628 1123 1702 qua,
1160 1646 1254 1685 me
1296 1627 1551 1698 consule,
1588 1627 1868 1685 salutares
1907 1625 2206 1683 sententiae
2252 1626 2421 1683 dictae

442 1716 595 1778 sunt,
635 1706 842 1782 quibus
896 1706 968 1763 ad
1024 1707 1174 1764 hanc
1232 1706 1388 1763 diem
1428 1706 1691 1777 viximuS,
1734 1725 1869 1767 cum
1909 1704 2118 1781 gladiis
2160 1705 2423 1762 homines

416 1796 425 1805 '
444 1785 709 1844 collocati
729 1795 895 1843 stent.
959 1786 1199 1843 Accusa
1217 1794 1481 1842 senatum
1505 1804 1519 1842 :
1564 1803 1778 1842 accusa
1797 1793 2119 1860 equestrem
2135 1784 2422 1854 ordinem,

443 1863 542 1940 qui
581 1874 705 1922 tum
746 1883 882 1922 cum
921 1874 1126 1923 senatu
1166 1864 1466 1941 copulatus
1506 1863 1614 1922 fuit
1636 1884 1661 1931 ς.
1694 1882 1908 1923 accusa
1940 1881 2143 1921 omnes
2169 1863 2422 1933 ordineS,

337 1955 411 2022 ἥ
442 1961 642 2003 omnes
682 1942 856 2015 cives,
899 1944 1037 2001 dum
1077 1943 1407 2014 confiteare,
1451 1943 1608 2001 hunc
1646 1943 1927 2013 ordinem,
1969 1943 2079 2000 hoc
2121 1942 2246 2019 ipso
2284 1951 2425 1999 tem-

441 2041 598 2099 pore,
629 2023 702 2080 ab
742 2020 1006 2099 Ithyraeis
1033 2021 1464 2081 circumsederi.
1548 2021 1698 2080 Haec
1737 2031 1800 2079 tu
1840 2041 1954 2079 non
1993 2032 2220 2097 propter
2251 2021 2426 2077 auda-

445 2101 598 2169 ciam
641 2100 788 2161 dicis
830 2112 950 2160 tam
984 2102 1378 2178 impudenter,
1406 2101 1530 2158 sed‘
1549 2100 1686 2176 quia
1724 2110 1942 2158 tantam
1983 2118 2177 2157 rerum
2219 2119 2425 2176 repug-

443 2181 703 2243 nantiam
744 2201 860 2239 non
902 2182 1078 2239 videS.
1161 2179 1326 2237 Nihil
1374 2177 1631 2255 profecto
1680 2180 1848 2255 sapis.
1928 2178 2095 2241 Quid
2137 2189 2227 2237 est
2267 2179 2424 2236 enim

445 2259 789 2331 dementius,
850 2258 1043 2335 quam,
1106 2257 1243 2318 cum
1299 2258 1421 2334 ipse
1477 2258 1807 2335 reipublicae
1871 2258 2199 2335 perniciosa
2267 2276 2429 2316 arma

339 2355 415 2413 25
446 2338 687 2414 ceperis,
715 2339 969 2414 objicere
999 2339 1161 2397 alteri
1190 2337 1506 2394 salutaria?

526 2417 609 2474 At
653 2416 828 2474 etiam
880 2418 1125 2491 quodam
1171 2416 1299 2475 loco
1355 2417 1576 2474 facetus
1622 2435 1747 2474 esse
1791 2415 2032 2474 voluisti.
2113 2412 2320 2478 Quam
2368 2415 2432 2472 id

449 2490 579 2572 (Dii
606 2494 740 2552 boni
760 2495 803 2573 !)
849 2513 963 2551 non
1004 2495 1286 2553 decebat!
1372 2494 1444 2553 In
1484 2514 1596 2570 quo
1635 2505 1723 2553 est
1762 2505 1863 2552 tua
1903 2495 2073 2570 culpa
2111 2495 2429 2553 nonnulla:

448 2572 664 2648 aliquid
691 2573 847 2635 enim
875 2574 1012 2631 salis
1039 2574 1112 2630 ab
1140 2593 1315 2632 uxore
1343 2574 1521 2631 mima
1548 2576 1776 2633 trahere
1802 2573 2051 2650 potuisti.
2136 2581 2175 2607 “
2196 2574 2433 2632 Cedant

448 2670 609 2714 arma
633 2652 835 2728 togae.'’
896 2652 1108 2715 Quid?
1149 2664 1272 2710 tum
1312 2672 1505 2711 nonne
1547 2655 1883 2711 cesserunt?
1950 2653 2034 2710 At
2073 2664 2273 2728 postea
2313 2653 2432 2709 tuis

339 2745 413 2813 ἧς)
449 2729 621 2793 armis
661 2729 835 2788 cessit
873 2740 1022 2808 toga.
1102 2728 1479 2793 Quaeramus'
1503 2731 1696 2807 igitur,
1739 2742 1930 2790 utrum
1970 2732 2178 2790 melius
2220 2731 2430 2802 fuerit;

445 2808 695 2868 libertati
747 2810 939 2885 populi
994 2811 1250 2869 Romani
1302 2810 1712 2869 sceleratorum
1756 2829 1934 2882 arma,
1978 2829 2052 2868 an
2099 2811 2432 2868 libertatem

445 2898 699 2953 nostram
741 2888 915 2946 armis
953 2890 1088 2960 tuis,
1123 2891 1349 2947 cedere.
1431 2889 1566 2947 Nec
1607 2887 1739 2947 vero
1768 2890 1887 2947 ‘tibi
1929 2891 2001 2948 de
2041 2889 2305 2947 versibus
2341 2894 2436 2947 re-

446 2967 771 3044 spondebo:
816 2976 1038 3026 tantum
1067 2968 1259 3027 dicam
1300 2968 1568 3039 breviter,
1597 2988 1784 3044 neque
1826 2969 1953 3026 illos
1978 2988 2166 3044 neque
2194 2968 2345 3026 ullas
2371 2979 2434 3026 te

446 3046 680 3111 omnino
707 3047 903 3104 literas
929 3047 1101 3106 nosse
1125 3067 1138 3104 ε
1180 3056 1274 3105 m'e
1302 3066 1416 3105 nec
1443 3047 1772 3123 reipublicae
1801 3067 1912 3105 nec
1941 3048 2145 3105 amicis
2173 3066 2432 3123 unquam

247 3153 255 3161 ·
342 3137 415 3197 35
449 3125 719 3197 defuisse,
775 3135 833 3184 et
886 3136 1081 3185 tamen
1133 3125 1290 3184 omni
1345 3145 1558 3202 genere
1613 3137 2111 3185 monumentorum
2167 3145 2432 3185 meorum

446 3204 755 3281 perfecisse
797 3206 985 3280 operis
1025 3205 1361 3276 subseciviS,
1393 3215 1456 3262 ut
1494 3224 1637 3263 meae
1666 3205 1897 3282 vigilite,
1925 3224 2182 3279 meaeque
2226 3205 2428 3276 literae,

448 3292 508 3361 et
527 3282 814 3358 juventuti
843 3284 1125 3356 utilitatis,
1155 3294 1214 3341 et
1240 3284 1459 3342 nomini
1489 3284 1758 3343 Romano
1783 3284 1991 3357 laudis,
2022 3284 2238 3360 aliquid
2268 3285 2432 3342 affer-

448 3372 593 3421 rent.
677 3362 796 3420 Sed
824 3363 950 3420 haec
976 3383 1093 3421 non
1122 3362 1292 3438 hujus
1319 3364 1622 3439 temporis:
1667 3365 1738 3421 ad
1767 3364 1985 3440 majora
2012 3364 2330 3422 veniamus.

527 3439 639 3498 IX.
720 3440 784 3499 P.
835 3440 1106 3499 Clodium
1158 3460 1289 3499 meo
1341 3442 1583 3501 consilio
1629 3443 1995 3500 interfectum
2042 3463 2167 3501 esse
2216 3441 2425 3500 dixisti.

343 3527 413 3599 40
447 3519 752 3593 Quidnam
793 3521 1054 3579 homines
1092 3529 1380 3598 putarent,
1409 3521 1458 3578 si
1486 3530 1610 3579 tum
1644 3523 1874 3580 occisus
1909 3532 2079 3593 esset,
2109 3520 2247 3579 cum
2274 3533 2339 3578 tu
2368 3522 2430 3578 il-

448 3599 568 3657 lum
597 3599 656 3656 in
686 3599 824 3671 foro,
854 3599 1212 3676 inspectante
1248 3601 1458 3676 populo
1500 3600 1784 3672 Romane,
1814 3601 2007 3677 gladio
2046 3601 2247 3658 stricto
2283 3601 2430 3658 inse-

449 3688 620 3739 cutus
658 3698 741 3746 eS,
770 3680 1176 3755 negotiumque
1217 3680 1614 3755 transegisseS,
1643 3680 1755 3736 nisi
1798 3680 1895 3738 ille
1936 3699 1998 3738 se
2039 3681 2098 3739 in
2132 3680 2321 3737 scalas
2346 3691 2427 3736 ta-

450 3754 642 3811 bernae
681 3755 929 3814 librariae
971 3758 1332 3833 conjecisset,
1376 3759 1576 3832 hisque
1629 3759 1893 3833 oppilatis
1947 3760 2223 3835 impetum
2264 3769 2428 3815 tuum

450 3831 918 3904 compressisset?
983 3833 1159 3915 [Sed]
1193 3836 1375 3911 quid?
1417 3855 1526 3912 ego
1554 3835 1759 3901 favisse
1796 3855 1889 3896 me
1917 3837 2022 3895 tibi
2045 3838 2225 3897 fateor
2240 3857 2258 3910 3
2300 3856 2440 3905 sua-.
