2667 4242
811 323 1087 373 ORATIO
1131 323 1207 374 IN
1252 324 1326 374 Μ.
1373 324 1778 376 ANTONIUM.
2249 318 2362 390 ffi

286 465 426 525 flicti
468 475 526 524 et
563 467 967 542 probatorem?
1014 477 1115 525 aut
1152 468 1288 544 quid
1327 469 1521 538 refert,
1563 468 1755 529 utrum
1797 470 2074 530 voluerim
2104 469 2258 546 fieri,

284 564 360 602 an
415 547 701 623 gaudeam
743 547 1005 604 factum?
1073 548 1290 623 Ecquis
1329 558 1419 606 est
1455 550 1651 626 igitur,
1692 560 1750 607 te
1790 561 2048 626 except0‚
2089 560 2148 608 et
2188 551 2260 609 iis

282 625 385 699 qui
426 626 589 682 illum
626 644 870 702 regnare
912 626 1260 703 gaudebant,
1289 628 1388 702 qui
1416 628 1559 685 illud
1588 638 1686 686 aut
1713 630 1837 687 fieri
1864 628 2130 700 noluerit,
2161 638 2259 687 aut

282 702 503 761 factum
528 704 903 781 improbarit?
943 723 1142 763 omnes
1168 722 1306 783 ergo
1331 707 1393 764 in
1422 708 1625 784 culpa:
1668 708 1883 766 etenim
1903 703 2259 766 omnes‘boni

283 780 595 859 (quantum
649 783 710 840 in
749 784 886 860 ipsis
924 783 1060 863 fuit)
1105 784 1396 842 Caesarem
1435 786 1791 845 occiderunt.
1877 786 2027 845 Aliis
2072 787 2259 846 consi-
2317 788 2365 842 ’5

278 860 457 932 lium,
480 861 607 919 aliis
634 861 878 933 animuS‚
911 863 1037 919 aliis
1062 864 1312 935 occasio,
1343 864 1560 935 defuit3
1601 866 1862 923 voluntas
1889 865 2123 923 nemini.
2309 869 2320 879 “

364 941 486 997 Sed
513 950 798 1016 stuporem
827 941 1093 1012 hominis,
1122 942 1210 999 vel
1253 943 1445 1001 dicam
1484 944 1745 1020 pecudiS,
1776 945 2068 1002 attendite.
2153 944 2258 1003 Sic

279 1019 441 1076 enim
472 1019 646 1077 dixit:
689 1026 727 1052 “
752 1013 836 1077 M.
867 1021 1096 1092 BrutuS,
1129 1020 1328 1097 (quem
1370 1041 1479 1098 ego
1517 1022 1747 1080 honoris
1789 1023 1966 1080 causa
1992 1022 2252 1104 nomino)

279 1108 588 1155 cruentum
628 1098 935 1175 pugionem
976 1109 1197 1171 tenens,
1232 1100 1578 1158 Ciceronem
1616 1101 1993 1159 exclamavit:
2034 1121 2107 1159 ex
2144 1121 2258 1178 quo

278 1176 530 1253 intelligi
567 1176 755 1248 debet,
784 1194 914 1234 eum
958 1178 1256 1236 conscium
1298 1178 1532 1237 fuisse.”
1601 1179 1759 1256 Ergo
1798 1198 1907 1256 ego
1945 1180 2257 1239 sceleratus
2291 1170 2362 1227 fl

280 1254 535 1332 appellor
579 1275 612 1313 a
649 1265 728 1328 te,
770 1273 941 1330 quem
980 1266 1044 1313 tu
1086 1257 1441 1333 suspicatum
1483 1257 1698 1333 aliquid
1738 1258 2082 1333 suspicaris:
2138 1258 2256 1330 ille,

276 1334 383 1410 qui
424 1334 731 1393 stillantem
770 1354 884 1411 prae
924 1355 986 1392 se
1024 1336 1333 1413 pugionem
1374 1336 1525 1408 tulit,
1554 1336 1604 1393 is
1645 1355 1679 1394 a
1717 1347 1775 1394 te
1815 1337 2045 1395 honoris
2079 1336 2258 1394 causa

277 1414 655 1471 nominatur?
722 1413 897 1472 Esto:
940 1415 1014 1471 sit
1053 1415 1114 1471 in
1154 1414 1343 1472 verbis
1382 1415 1498 1472 tuis
1537 1415 1635 1472 hic
1676 1426 1901 1491 stupor:
1944 1425 2157 1491 quanto
2196 1416 2256 1473 in

277 1491 458 1549 rebus
497 1493 907 1568 sententiisque
947 1493 1162 1569 major!
1226 1493 1530 1551 Constitue
1571 1495 1700 1565 hoc,
1743 1494 1963 1567 consul,
2004 1495 2259 1570 aliquan-

278 1570 391 1640 603
455 1570 779 1643 Brutorum,
834 1571 904 1629 C.
947 1572 1159 1644 Cassii,
1200 1571 1311 1630 Cn.
1355 1572 1615 1644 Domitii,
1658 1572 1727 1630 C.
1771 1573 2072 1645 Trebonii,
2127 1573 2257 1632 reli·
2292 1568 2361 1625 15

277 1668 545 1725 quorum,
575 1669 747 1726 quam
774 1650 914 1708 velis
941 1670 1067 1708 esse
1095 1669 1330 1708 causam
1355 1671 1369 1708 t
1411 1652 1628 1709 edormi
1657 1653 1970 1728 crapulam,
2000 1653 2254 1727 inquam,

277 1737 342 1784 et
396 1730 617 1786 exhala.
699 1729 798 1787 An
853 1730 1009 1788 faces
1065 1729 1431 1788 admovendae
1485 1740 1637 1803 sunt,
1690 1750 1816 1807 quae
1870 1742 1928 1789 te
1982 1732 2254 1804 excitent,

276 1815 459 1865 tantae
500 1826 689 1866 causae
727 1808 1214 1866 indormientem?
1293 1808 1686 1885 Nunquamne
1735 1810 2039 1886 intelliges,
2081 1820 2259 1867 statu·

278 1886 500 1943 endum
538 1887 643 1944 tibi
683 1906 828 1959 esse,
857 1885 1062 1945 utrum.
1092 1887 1193 1958 illi,
1223 1887 1321 1962 qui
1362 1888 1530 1945 istam
1569 1906 1693 1946 rem
1731 1896 2050 1966 gesserunt,
2079 1888 2258 1946 homi-

209 1959 217 1965 ’
279 1964 432 2021 cidae
460 1966 592 2038 sint,
623 1985 696 2023 an
723 1966 981 2024 vindices
1008 1966 1329 2023 libertatis?
2286 1962 2361 2018 20

365 2040 545 2101 XIII.
615 2044 869 2103 Attende
925 2044 1081 2102 enim
1136 2045 1443 2121 paulisper,
1501 2045 2021 2122 cogitationemque
2079 2044 2256 2103 sobrii

278 2122 533 2180 hominis
570 2135 848 2199 punctum
888 2124 1157 2200 temporis
1197 2125 1441 2201 suscipe.
1524 2124 1671 2201 Ego,
1702 2124 1798 2197 qui
1842 2142 1968 2180 sum
2007 2122 2253 2194 illorum,

280 2211 350 2257 ut
389 2199 509 2277 ipse
551 2201 747 2274 fateor,
779 2201 1094 2274 familiaris,
1123 2212 1187 2260 ut
1229 2221 1264 2259 a
1299 2213 1361 2259 te
1404 2221 1629 2280 arguor,
1671 2201 1881 2272 socius,
1909 2220 2059 2278 nego
2097 2201 2260 2276 quid·

280 2299 458 2354 quam
506 2300 631 2338 esse
683 2282 938 2339 medium
962 2295 991 2338 τ’
1032 2281 1305 2339 confiteor
1360 2300 1477 2352 em,
1520 2280 1631 2337 nisi
1683 2280 2016 2338 liberatores
2066 2278 2257 2355 populi

281 2358 538 2416 Romani
569 2371 1105 2435 conservatoresque
1133 2360 1463 2436 reipublicae
1491 2360 1624 2431 sint,
1651 2359 1779 2435 plus
1806 2357 1978 2433 quam
1999 2358 2254 2430 sicarios,
2288 2348 2361 2408 25

278 2437 411 2514 plus
449 2456 621 2513 quam
660 2438 997 2510 homicidaS,
1024 2438 1154 2515 plus
1194 2439 1369 2496 etiam
1408 2437 1579 2513 quam
1617 2437 1951 2574 parricidas,
1981 2452 2143 2510 esse;
2184 2437 2258 2496 si-

279 2516 516 2590 quidem
544 2528 630 2574 est
671 2519 920 2576 atrocius
958 2518 1156 2594 patriae
1193 2527 1509 2594 parentem,
1539 2536 1615 2592 qu
1753 2536 1940 2588 suum,
1967 2516 2282 2575 occidere.-

280 2594 404 2666 Tu,
436 2596 605 2654 homo
645 2598 872 2674 sapiens
911 2606 970 2654 et
1011 2597 1389 2668 considerate,
1420 2596 1557 2672 quid
1584 2595 1775 2653 dicis'l
1843 2596 1908 2652 Si
1933 2595 2278 2672 parricidae„

282 2692 391 2731 cur
418 2674 647 2733 honoris
688 2676 865 2733 causa
909 2694 942 2732 a
981 2686 1038 2733 te
1080 2685 1230 2746 sunt,
1260 2684 1318 2733 et
1357 2675 1417 2732 in
1459 2676 1568 2732 hoc
1594 2675 1793 2733 ordine
1820 2684 1879 2731 et
1907 2675 2056 2751 apud
2082 2691 2256 2752 popu-

278 2752 404 2808 lum
435 2750 785 2827 Romanum,
814 2773 1036 2830 semper
1080 2754 1385 2830 appellati?
1452 2755 1574 2811 Cur
1616 2752 1699 2811 M.
1742 2753 1974 2824 Brutus,
2016 2762 2074 2810 te
2113 2754 2257 2811 refe-
2287 2742 2362 2803 ω

280 2840 466 2899 rente,
494 2832 721 2909 legibus
760 2830 847 2891 est
887 2834 1122 2904 solutuS‚
1153 2834 1201 2890 si
1244 2834 1316 2890 ab
1356 2832 1512 2890 Urbe
1546 2833 1673 2908 plus
1700 2831 1871 2907 quam
1900 2833 2104 2890 decem
2131 2832 2258 2889 dies

282 2909 563 2968 abfuisset
580 2911 609 2968 'l'
646 2930 750 2969 cur
777 2913 897 2970 ludi
937 2912 1297 2988 Apollinares
1337 2912 1661 2969 incredibili
1711 2909 1794 2968 M.
1838 2911 2002 2968 Bruti
2041 2911 2257 2968 honore
2305 2949 2310 2953 -

282 2989 605 3047 celebrati'l
662 3010 765 3048 cur
803 2991 1112 3067 provinciae
1153 2990 1359 3049 Cassio
1398 3001 1455 3048 et
1495 2990 1674 3047 Bruto
1714 2990 1905 3046 datae?
1962 3007 2066 3045 cur
2104 3007 2257 3077 quae:

281 3076 464 3125 stores
507 3069 729 3126 additi?
783 3089 887 3127 cur
926 3070 1241 3146 legatorum
1297 3088 1571 3127 numerus
1619 3067 1866 3124 auctus'l
1922 3078 2091 3139 atque
2129 3067 2257 3123 haec

182 3141 197 3152 ⁰
283 3155 418 3203 acta
443 3166 543 3223 per
570 3158 645 3205 te.
729 3147 865 3206 Non
895 3148 1068 3225 igitur
1096 3149 1414 3206 homicidae.
1501 3146 1793 3220 Sequitur,
1822 3152 1884 3200 ut
1924 3144 2257 3202 liberatores
2289 3138 2361 3195 35

280 3232 384 3282 tuo
405 3225 626 3301 judicio
653 3228 801 3296 sint3
843 3228 1301 3303 quandoquidem
1331 3226 1563 3283 tertium
1593 3223 1735 3281 nihil
1762 3231 1948 3299 potest
1973 3240 2117 3279 esse.

358 3300 525 3365 Quid
558 3305 688 3362 est?
728 3324 868 3363 num
898 3307 1176 3364 conturbo
1202 3307 1303 3362 te'!
1347 3324 1461 3362 non
1490 3304 1646 3381 enim
1676 3302 1914 3360 fortasse
1942 3300 2100 3372 satis,
2130 3318 2257 3375 quae

196 3444 203 3449 ,
283 3381 615 3441 distinctius
655 3385 946 3457 dicuntur,
977 3384 1264 3462 intelligis.
1350 3384 1468 3441 Sed
1508 3394 1699 3440 tamen
1742 3383 1867 3439 haec
1907 3390 1995 3438 est
2034 3396 2260 3437 summa

283 3463 673 3520 conclusionis
719 3482 898 3522 meae:
952 3464 1251 3526 Quoniam
1292 3463 1511 3520 scelere
1554 3482 1587 3519 a
1624 3471 1683 3518 te
1723 3459 1948 3519 liberati
1988 3467 2140 3529 sunt,
2184 3457 2258 3515 ab

252 3541 487 3598 'eodem
515 3552 575 3600 te
605 3543 967 3619 amplissimis
1005 3542 1254 3619 praemiis
1293 3541 1616 3617 dignissimi
1651 3539 1895 3616 judicati
1924 3545 2073 3594 sunt.
2115 3535 2259 3628 ‘Ita-⁸·
2289 3532 2362 3588 40

283 3638 395 3694 que
432 3620 553 3695 jam
580 3633 789 3680 -retexo
813 3624 1126 3680 orationem
1154 3640 1378 3677 meam:
1420 3620 1668 3677 scribam
1700 3618 1769 3674 ad
1800 3617 1943 3687 illos,
1972 3625 2055 3687 ut,
2084 3634 2132 3672 s1
2159 3633 2258 3691 qui

285 3697 451 3770 sorte,
496 3701 646 3774 quod
691 3720 724 3757 a
763 3713 820 3758 te
862 3703 1001 3759 mihi
1041 3701 1330 3777 objectum
1374 3709 1478 3769 est,
1522 3706 1795 3772 quaerent,
1834 3697 1982 3753 sitne
2022 3700 2256 3765 verum3

282 3797 358 3834 ne
388 3779 485 3835 cui
514 3790 745 3855 negent.
828 3779 1062 3837 Etenim
1090 3798 1305 3848 vereor,
1337 3798 1411 3835 ne
1455 3787 1571 3846 aut,
1603 3775 1851 3832 celatum
1880 3792 1973 3831 me
2003 3774 2074 3830 ab
2102 3773 2257 3849 ipsis,

284 3855 398 3913 illis
427 3877 542 3914 non
571 3859 909 3993 honeStgnt3
954 3870 1052 3915 aut
1093 3858 1395 3915 invitatum
1434 3848 1736 3931 refugisse,
1763 3853 1906 3910 mihi
1948 3853 2020 3909 sit
2055 3851 2261 3929 turpis-
