2667 4242
784 264 1060 315 omino
1105 264 1181 314 [Ν
1226 265 1302 314 Μ.
1337 263 1747 341 AN'rjomum.
2197 265 2315 324 155
2367 230 2371 234 ⁵

220 406 690 485 iocupletissimae
742 406 1111 466 Cretensium
1163 407 1546 485 vectigalibus
1593 406 1945 479 liberantur3
2014 406 2214 465 statui-

218 498 450 563 turque,
478 507 576 558 ne,
603 497 730 563 post
760 486 841 544 M.
873 486 1117 544 Brutum
1143 488 1568 564 proconsulem,
1587 487 1661 543 sit
1689 487 1868 543 Creta
1893 487 2209 563 provincia.

219 566 321 625 Tu
369 566 581 624 mentis
608 585 672 623 es
714 567 995 642 composi
1053 575 1116 623 tu
1159 586 1274 623 non
1320 566 1852 642 constringendus?
1936 568 2055 637 An,
2086 566 2215 624 Cae-

221 646 368 703 saris
396 646 652 716 decretu,
685 644 862 703 Creta
900 649 1029 720 po‘st
1058 644 1141 702 M.
1173 645 1337 703 Bruti
1380 645 1687 702 decessum
1726 644 1914 725 potuit
1956 644 2210 715 liberari,

222 722 364 782 cum
393 725 571 781 Creta
599 725 741 781 nihil
794 725 863 781 ad
918 724 1181 795 Brutum,
1211 724 1447 782 Caesare
1495 725 1641 795 vive,
1670 724 2024 800 pertineret?
2108 725 2212 795 At,
2280 725 2318 779 5

221 804 398 880 hujus
425 803 756 861 venditione
785 802 1027 874 decreti,
1058 802 1162 881 (ne
1189 804 1330 860 nihil
1365 814 1557 861 actum
1585 803 1824 882 putetis)
1855 803 2213 879 provinciam

222 881 476 949 Cretam,
519 881 863 959 perdidistis.
946 881 1165 941 Omnio
1219 901 1391 940 nemo
1445 882 1646 944 ullius.
1673 882 1757 942 rei
1810 882 1919 940 fuit
1970 892 2212 960 emptor,

136 982 171 1021 ην
223 961 325 1019 cui
353 960 601 1019 desuerit
628 962 725 1018 hic
753 961 1033 1020 venditor.

304 1039 387 1098 Et
413 1041 485 1098 de
514 1041 809 1111 exsulibus
834 1039 1044 1117 legem,
1073 1058 1245 1116 quam
1274 1039 1469 1111 fixisti,
1499 1038 1697 1098 Caesar
1725 1040 1896 1098 tulit?
1977 1039 2215 1097 Nullius

172 1180 180 1187 ‚
223 1118 480 1177 insector
523 1119 944 1177 calamitatem:
1005 1118 1234 1177 tantum
1272 1139 1500 1194 queror,
1529 1117 1801 1194 primurn,
1828 1138 2027 1176 eorum
2069 1119 2218 1176 redi·
2252 1119 2322 1174 10

223 1208 320 1255 tus
367 1209 639 1273 aequam,
678 1217 920 1273 quorum
976 1216 1213 1255 causam
1266 1198 1606 1255 dissimilem
1653 1199 1851 1267 Caesar
1898 1197 2214 1273 judicarit3

224 1277 464 1347 deinde,
495 1277 694 1335 nescio
723 1297 828 1335 cur
870 1277 1105 1352 reliquis
1147 1277 1301 1334 idem
1344 1296 1459 1334 non
1510 1276 1763 1335 tribuas:
1826 1295 2013 1352 neque
2060 1276 2219 1334 enim

223 1357 357 1434 plus
386 1355 560 1433 quarn
587 1368 703 1413 tres
732 1367 831 1413 aut
858 1368 1100 1433 quatuor
1128 1356 1331 1431 reliqui
1360 1367 1510 1413 sunt.
1592 1356 1720 1417 Qui
1748 1356 1921 1413 simili
1964 1357 2024 1413 in
2068 1355 2220 1431 cala-

225 1436 430 1493 mitate
467 1445 622 1506 sunt,
653 1455 757 1493 cur
803 1435 904 1493 tua
933 1435 1329 1493 misericordia
1358 1435 1533 1492 simili
1575 1454 1693 1492 non
1743 1435 2053 1493 fruuntur?
2111 1453 2217 1492 cur

226 1534 331 1573 eos
358 1512 538 1571 habes
566 1515 625 1571 in
655 1515 784 1573 loco
822 1515 1050 1591 patrui?
1092 1515 1164 1593 de
1206 1534 1319 1591 quo
1348 1514 1519 1586 serre,
1549 1512 1686 1572 cum
1728 1515 1801 1572 de
1829 1514 2061 1590 reliquis
2111 1514 2219 1572 fer·
2255 1512 2324 1568 15

226 1613 342 1665 res,
372 1593 642 1651 noluisti:
686 1612 856 1668 quem
884 1593 1059 1650 etiam
1090 1594 1161 1651 ad
1202 1612 1510 1652 censuram
1552 1595 1862 1670 petendam
1905 1593 2215 1670 impulisti;

225 1692 475 1808 eamqilie
524 1672 862 1749 petitionem
903 1672 1271 1749 comparasti,
1312 1693 1441 1748 quae
1490 1684 1551 1731 et
1596 1674 1747 1731 risus
1799 1673 2101 1731 hominum
2160 1686 2221 1729 et

228 1771 405 1828 quere
431 1771 494 1808 as
523 1764 791 1818 moveret.
1174 1758 1179 1761 “

311 1831 435 1888 Cur
466 1841 659 1888 autem
707 1849 778 1887 ea
815 1829 1051 1888 comitia
1077 1850 1207 1899 ,non
1255 1830 1554 1889 habuisti?
1637 1832 1735 1903 An
1776 1830 1912 1906 quia
1953 1830 2221 1888 tribunus

227 1909 415 1989 plebis
441 1910 738 1979 sinistrum
766 1909 982 1967 fulmen
1014 1910 1361 1970 nuntiabat?
1444 1908 1599 1969 Cum
1646 1911 1747 1967 tua
1774 1910 1912 1986 quid
1962 1909 2220 1979 interest,
2253 1904 2327 1958 20

229 1989 392 2047 nulla
422 1988 682 2064 auspicia
709 1988 856 2058 sint;
900 1988 1038 2046 cum
1067 2001 1313 2059 tuorum,
1343 1999 1466 2046 turn
1494 1990 1573 2046 sis
1600 1990 1948 2065 religiosus'i
2011 1988 2220 2049 Quid?

229 2069 484 2127 eundem
517 2069 573 2124 in
604 2069 1010 2143 septemviratu
1047 2088 1242 2126 nonne
1271 2068 1625 2126 destituisti?
1696 2067 2019 2124 Intervenit
2045 2065 2219 2123 enim.

230 2148 402 2210 Quid
445 2147 738 2204 metuisti?
797 2148 991 2218 credo,
1016 2167 1096 2205 -ne
1137 2149 1294 2205 salvo
1344 2148 1534 2223 capite
1579 2165 1793 2224 negare
1841 2165 1956 2203 non
2008 2164 2222 2221 posseS.

229 2224 526 2284 Omnibus
552 2245 690 2283 eum
717 2226 1083 2284 contumeliis
1109 2227 1385 2299 onerasti,
1414 2245 1585 2302 quem
1614 2226 1791 2301 patris
1818 2225 1982 2295 loco,
2010 2225 2060 2281 si
2106 2224 2224 2281 ulla

233 2305 293 2364 in
344 2317 402 2363 te
456 2305 641 2382 pietas
695 2315 867 2376 esset,
909 2307 1100 2364 colere
1148 2307 1418 2363 debebas.
1504 2305 1716 2362 Filiam
1769 2304 1914 2380 ejuS,
1969 2322 2221 2361 sororem
2256 2309 2329 2363 25
2414 2369 2429 2383 ,

231 2395 416 2457 tuam,
465 2384 707 2460 ejecisti,
765 2384 878 2441 alia
920 2386 1251 2443 conditione
1294 2384 1533 2460 quaesita
1586 2395 1646 2442 et
1700 2383 1834 2441 ante
1900 2382 2221 2460 prospecta.

218 2464 373 2539 ‚Non
422 2475 510 2522 est
552 2464 729 2522 satis:
786 2464 978 2540 probri
1029 2463 1373 2521 insimulasti
1416 2463 1853 2540 pudicissimam
1907 2463 2221 2520 soeminam.

228 2543 403 2606 Quid
429 2553 538 2614 est,
566 2543 716 2618 quod
748 2543 883 2600 addi
913 2544 1130 2618 possit?
1213 2542 1539 2605 Contentus
1582 2563 1651 2601 eo
1694 2563 1808 2601 non
1861 2543 2057 2600 suisti:
2117 2541 2225 2599 sre-

234 2622 614 2698 quentissimo
642 2634 845 2679 senatu
876 2621 1154 2679 Calendis
1185 2621 1221 2678 J
1227 2622 1500 2692 anuariiS,
1530 2624 1768 2691 sedente
1810 2622 2223 2698 patruo,'hanc

226 2702 342 2779 ,tibi
371 2718 499 2779 esse
544 2721 677 2759 cum
722 2701 1027 2759 Dolabella
1074 2720 1312 2758 causam
1350 2701 1488 2771 odii,
1518 2702 1712 2767 dicere
1743 2720 1917 2758 ausus
1955 2721 2038 2771 es,
2068 2698 2223 2776 quod
2258 2697 2350 2760 30'

237 2782 311 2838 ab
339 2800 412 2838 eo
439 2780 617 2838 sorori
646 2791 703 2838 et
732 2780 895 2838 uxori
924 2792 1037 2837 tuae
1066 2791 1325 2854 stuprum
1368 2781 1623 2838 oblatum
1653 2800 1779 2838 esse
1823 2781 2222 2856 comperisses

234 2859 395 2921 Quis
457 2860 817 2937 interpretari
855 2870 1065 2937 potest,
1112 2859 1594 2935 impudentiorne,
1639 2860 1736 2935 qui
1777 2861 1835 2917 in
1879 2870 2106 2928 senatu,
2152 2878 2225 2915 an
2268 2915 2282 2927 ,

234 2939 569 3013 improbior,
598 2938 696 3014 qui
741 2938 799 2995 in
849 2937 1232 3009 Dolabellam,
1265 2957 1339 2994 an
1385 2938 1677 3014 impurior,
1721 2939 1818 3013 qui
1863 2952 2024 3013 patre
2070 2937 2229 2993 audi-

226 3028 396 3097 ·ente,
441 3037 515 3075 an
558 3017 863 3088 crudelior,
905 3017 1004 3094 qui
1047 3017 1107 3074 in
1149 3017 1306 3074 illam
1349 3017 1618 3074 miseram
1659 3028 1779 3083 tam
1833 3014 2065 3090 spurce,
2108 3025 2227 3071 tam

237 3095 439 3172 impie,
470 3097 723 3154 dixeris?
2262 3093 2336 3148 35
2419 3152 2424 3155 ,

315 3174 622 3233 ΧΧΧΙΧ.
708 3175 827 3231 Sed
871 3175 940 3231 ad
984 3174 1366 3251 chirographa
1394 3175 1716 3232 redeamus·
1796 3171 1953 3234 Quae
1980 3182 2082 3229 tua
2123 3170 2230 3228 suit

240 3254 540 3330 cognitio?
625 3254 779 3311 Acta
806 3254 965 3311 enim
995 3254 1265 3324 Caesaris,
1293 3254 1457 3329 pacis
1499 3253 1698 3324 causa,
1727 3252 2067 3310 confirmata
2097 3261 2232 3307 sunt

239 3352 274 3390 a
302 3343 532 3404 senatu,
562 3353 688 3407 quas
729 3333 962 3408 quidem
992 3332 1190 3389 Caesar
1233 3335 1470 3409 egisset,
1499 3352 1614 3390 non
1657 3351 1749 3402 ea,
1778 3351 1904 3406 quae
1934 3332 2231 3389 Caesarem

230 3413 427 3489 egisse
457 3412 698 3470 dixisset
725 3412 1035 3471 Antonius.
1124 3411 1291 3469 Unde
1321 3411 1431 3469 ista
1458 3412 1810 3486 erumpunt?
1852 3431 1966 3485 quo
1996 3420 2231 3466 auctore

238 3491 605 3567 proferuntur
630 3492 653 3546 'l
723 3491 804 3548 ‘Si
861 3505 996 3546 sunt
1049 3489 1212 3561 salsa,
1259 3506 1363 3549 cur
1411 3491 1766 3565 probantur?
1825 3490 1873 3546 si
1929 3508 2082 3558 vera,
2128 3508 2231 3545 cur
2265 3484 2336 3538 40

240 3571 538 3631 veneunt?
624 3570 706 3642 At
733 3570 818 3626 sic
865 3570 1185 3644 placuerat,
1217 3581 1299 3640 ut,
1329 3589 1402 3626 ex
1430 3569 1710 3643 Calendis
1757 3567 1972 3638 Juniis,
2003 3567 2075 3623 de
2105 3567 2235 3623 Cae-

230 3649 384 3711 „saris
415 3648 564 3711 actis
592 3667 727 3705 cum
756 3648 998 3705 consilio
1027 3648 1473 3725 cognosceretis,
1542 3648 1722 3708 Quod
1755 3647 1860 3704 fuit
1884 3647 2230 3705 consilium?

238 3747 409 3804 quem
438 3746 692 3802 unquam
725 3727 1020 3790 advocasti
1038 3729 1066 3784 ‘l
1109 3747 1250 3803 quas
1281 3727 1575 3783 Calendas
1604 3725 1639 3781 J
1646 3726 1814 3782 unias
1836 3726 2231 3801 exspectasti?

240 3825 316 3864 an
345 3825 469 3881 eas,
501 3806 572 3887 ad
603 3824 746 3881 quas
772 3816 850 3880 te,
879 3807 1198 3894 peragratis
1221 3816 1621 3877 veteranorum
1672 3803 1934 3876 coloniis,
1964 3805 2234 3881 stipatum

239 3885 417 3964 armis
445 3883 738 3962 ,retalistil
1440 3909 1450 3918 ·
1543 3906 1547 3910 ·

1722 4072 1754 4091 ᾳ

2269 3853 2441 3941 45’
