2667 4242
753 306 1025 357 omno
1069 306 1146 357 m
1189 307 1264 390 Μ.
1311 305 1718 356 Ain-onum.
2205 302 2322 360 159
2363 318 2372 325 ·

244 495 253 502 .
321 452 542 511 XLIV.
587 451 769 514 Hunc
790 471 970 511 unum
993 451 1169 521 diem,
1193 451 1351 508 hunc
1374 470 1577 521 unum,
1602 450 1856 526 inquam,
1880 449 2223 506 hodiernum

228 533 420 602 'diem,
450 533 562 588 hoc
600 541 881 607 punctum
923 530 1214 605 temporiS,
1255 550 1370 606 quo
1410 530 1626 605 loquor,
1655 530 1923 598 defende,
1952 528 1999 585 si
2041 541 2222 605 potes.

241 611 366 670 Cur
396 623 742 668 armatorum
786 611 998 668 corona
1027 619 1261 666 senatus
1301 620 1496 684 septus
1523 610 1650 665 est‘l
1692 628 1798 666 cur
1826 628 1917 664 me
1946 608 2030 664 tui
2060 607 2226 664 satel-

239 689 373 747 lites
400 709 535 746 cum
565 689 772 765 gladiis
802 690 1084 746 audiunt?
1133 707 1238 744 cur
1265 689 1442 745 valvae
1471 684 1814 745 Concordiae
1844 706 1956 743 non
1987 688 2223 762 patent'l

239 788 347 825 cnr
390 768 653 827 homines
691 769 946 825 omnium
992 767 1251 844 gentium
1295 766 1546 824 maxime
1593 768 1884 837 barbaros»,
1906 762 2222 841 Ithyraeos,
2284 762 2323 814 5
2361 834 2372 841 α

238 867 378 904 cum
409 847 634 922 sagittis
659 846 943 905 deducis
929 866 987 903 ιιι
1019 846 1203 904 forum
1226 847 1250 902 'l
1332 845 1592 903 Praesidii
1620 847 1708 902 sui
1732 863 1910 903 causa
1938 863 2001 901 se
2030 844 2224 903 facere

237 926 404 982 dicit.
487 924 702 982 Nonne
746 926 918 1001 igitur
964 925 1171 982 millies
1212 925 1398 999 perire
1442 935 1530 981 est
1572 924 1795 997 melius,
1824 923 2041 1000 quam
2027 943 2086 980 ιιι
2117 924 2224 981 sua

240 1005 502 1074 civitate,
544 1004 670 1066 sine
713 1015 1057 1062 armatorum
1100 1004 1385 1078 praesidio,
1430 1023 1545 1061 non
1589 1023 1754 1079 posse
1792 1005 2021 1061 vivere'l
2105 1003 2222 1060 Sed

240 1083 469 1141 nullum
524 1093 612 1139 est
677 1084 886 1154 isthuc,
941 1082 1084 1139 mihi
1138 1083 1331 1152 crede,
1399 1083 1746 1157 praesidium.
1855 1082 2112 1140 Caritate
2165 1093 2225 1140 et

242 1162 648 1219 benevolentia
676 1162 888 1219 civium
918 1172 1140 1237 septum
1170 1172 1392 1236 oportet
1419 1180 1566 1232 esse,
1596 1181 1712 1218 non
1743 1162 1932 1219 armis.
2253 1151 2323 1205 10

325 1240 568 1317 Eripiet,
613 1241 971 1315 extorquebit
1011 1240 1116 1297 tibi
1149 1240 1270 1318 ‚ista
1322 1241 1568 1316 populus
1621 1240 1947 1310 RomanuS,
2002 1239 2225 1297 utinam
2263 1304 2278 1315 ο

239 1320 419 1376 salvis
445 1319 642 1378 nobis!
687 1320 808 1391 sed,
855 1338 1081 1395 quoquo
1125 1319 1294 1376 modo
1337 1319 1641 1376 nobiscum
1684 1319 1892 1394 egeris,
1935 1319 2073 1375 dum
2103 1319 2227 1375 istis

240 1398 506 1456 consiliis
532 1398 733 1488 uteris,
758 1416 873 1456 non
901 1408 1064 1474 potes
1094 1396 1264 1474 (mihi
1298 1398 1500 1476 crede)
1530 1417 1658 1454 esse
1686 1397 2009 1455 diuturnus,
2093 1397 2228 1454 Ete-

241 1478 366 1534 nim
397 1477 508 1534 ista
524 1487 633 1534 tua
659 1476 898 1534 minime
927 1495 1096 1533 avara
1124 1477 1335 1552 conjux
1366 1476 1564 1553 (quam
1588 1496 1697 1553 ego
1719 1476 1845 1552 sine
1875 1476 2226 1534 contumelia

240 1555 542 1633 describo)
575 1553 815 1627 nimium
865 1556 1039 1612 debet
1079 1555 1177 1612 diu
1206 1556 1414 1632 populo
1457 1556 1728 1614 Romano
1755 1555 2088 1632 pensionem
2116 1565 2227 1612 ter·
2255 1552 2324 1605 15

241 1635 406 1691 tiam.
493 1634 688 1692 Habet
709 1634 952 1711 populus
974 1635 1298 1706 Romanus,
1323 1634 1395 1691 ad
1417 1655 1559 1711 quos
1584 1635 1981 1711 gubernacula
2000 1635 2228 1711 reipub-

241 1713 374 1771 lioae
423 1713 676 1770 deferat:
737 1713 834 1790 qui
885 1713 1214 1789 ubicunque
1262 1724 1539 1771 terrarum
1589 1725 1743 1785 sunt,
1793 1714 1870 1771 ibi
1920 1724 2007 1772 est
2054 1730 2227 1772 omne

241 1792 581 1868 reipublicae
634 1793 983 1868 praesidium,
1034 1792 1120 1849 vel
1175 1790 1367 1868 potius
1419 1793 1544 1868 ipsa
1597 1793 1941 1869 respublica,
1994 1813 2120 1869 quae
2163 1813 2227 1850 se

245 1871 441 1929 adhuc
490 1872 885 1930 tantummodo
928 1871 1048 1928 ulta
1086 1881 1194 1937 est,
1245 1872 1518 1928 nondum.
1544 1872 1920 1947 recuperavit.
2032 1872 2227 1929 Habet
2347 1929 2359 1938 ,

242 1950 480 2025 quidem
523 1948 1050 2025 certerespublica
1103 1949 1499 2007 adolescentes
1554 1951 1958 2021 nobilissimos,
1999 1961 2228 2026 paratos
2254 1948 2327 2002 20

244 2029 594 2086 defensores.
701 2027 904 2089 Quam
960 2028 1170 2100 volent,
1228 2028 1308 2086 illi
1364 2029 1596 2099 cedant,
1644 2030 1764 2088 otio
1818 2029 2225 2100 consulentes;

245 2106 441 2165 tamen
491 2126 525 2164 a
572 2108 871 2184 republica
919 2108 1358 2166 revocabuntur.
1382 2110 1386 2117 ’
1461 2107 1538 2164 Et
1587 2127 1795 2165 nomen
1845 2108 2009 2184 pacis
2056 2107 2230 2164 dulce

243 2198 354 2257 est,
409 2195 468 2244 et
519 2185 645 2262 ipsa
691 2206 783 2244 res
830 2186 1127 2244 salutariS.
1190 2186 1293 2244 sed
1343 2186 1492 2243 inter
1541 2205 1746 2263 pacem
1789 2196 1849 2243 et
1895 2186 2228 2243 servitutem

242 2265 555 2341 plurimum
610 2265 863 2323 interest.
973 2266 1096 2323 Pax
1148 2274 1237 2323 est
1289 2264 1597 2340 tranquilla
1648 2264 1931 2335 libertas3
1986 2264 2229 2322 servitus

244 2344 526 2413 malorum
568 2344 826 2402 omnium
869 2355 1243 2421 postremum,
1284 2363 1430 2401 non
1453 2342 1622 2402 modo
1679 2344 1847 2416 belm,
1895 2345 1999 2402 sed
2047 2354 2229 2402 morte
2256 2338 2330 2392 25

243 2423 442 2504 etiam,
471 2423 880 2514 repellendum.

323 2489 506 2563 Quod
536 2502 586 2558 si
625 2521 737 2560 sei
898 2502 980 2559 illi
1023 2502 1203 2561 nostri
1246 2501 1583 2559 liberatores
1628 2521 1662 2560 e
1690 2512 2008 2578 conspectu
2035 2511 2231 2560 nostro
2304 2572 2309 2576 ἡ

245 2579 637 2646 abstulerunt:
682 2520 1083 2656 atfflmplum
1110 2581 1248 2638 facti
1277 2581 1645 2656 reliquerunt.
1729 2580 1850 2653 Illi,
1853 2582 2020 2657 quod
2052 2601 2227 2640 nemo

244 2659 486 2731 fecerat,
517 2659 794 2717 fecerunt.
898 2660 1283 2735 Tarquinium
1327 2660 1539 2718 Brutus
1568 2661 1717 2718 bello
1743 2675 1831 2718 est
1858 2651 2225 2737 persecutus;

244 2738 344 2813 qui
400 2748 520 2795 tum
565 2756 665 2795 rex
710 2739 836 2809 suit,
865 2758 1001 2796 cum
1046 2758 1173 2796 esse
1218 2738 1426 2795 Romae
1469 2759 1663 2815 regem
1706 2739 1934 2798 licebat.
2035 2740 2228 2816 Spurii
2258 2744 2331 2800 30

246 2804 490 2875 Cassius
531 2827 592 2874 et
635 2816 867 2888 Melina,
912 2816 994 2876 M.
1044 2817 1319 2887 Manlius,
1361 2828 1588 2894 propter
1632 2819 2018 2895 suspicionem
2064 2818 2231 2895 regni

246 2896 579 2972 appetendi,
602 2906 735 2965 sunt
758 2897 991 2954 necati.
1055 2897 1138 2954 Hi
1159 2896 1329 2972 primi
1353 2916 1486 2955 cum
1509 2898 1735 2975 gladiis,
1760 2918 1875 2955 non
1902 2899 1957 2954 in
1985 2917 2228 2973 regnum

208 3035 217 3045 ,
246 2984 634 3051 appetentem,
654 2975 794 3032 sed
779 2995 836 3032 ιιι
863 2986 1222 3052 regnantem,
1247 2976 1523 3051 impetum
1534 2977 1826 3034 -fecerunt,
1892 2975 2070 3036 Quod
2093 2975 2230 3032 cum

245 3054 436 3144 ipsum
467 3053 683 3111 factum
728 3073 827 3130 per
871 3074 933 3111 se
979 3055 1316 3131 praeclarum
1367 3065 1534 3130 atque
1562 3055 1821 3111 divinum
1849 3063 1955 3124 est,
1985 3065 2107 3111 tum
2136 3074 2232 3110 ex-

242 3132 495 3208 positum
517 3133 589 3189 ad
611 3133 986 3203 imitandum
1027 3133 1343 3209 praesertim
1366 3153 1501 3190 cum
1526 3134 1606 3190 illi
1628 3152 1756 3190 eam
1775 3132 2012 3208 gloriam
2033 3151 2232 3190 conse·
2260 3136 2338 3191 35

245 3211 368 3269 cuti
395 3211 533 3282 sint,
554 3231 683 3287 quae
707 3212 800 3270 vix
823 3213 970 3270 coelo
992 3213 1122 3288 capi
1143 3232 1309 3288 posse
1333 3212 1613 3270 videatur.
1684 3211 1808 3268 Etsi
1831 3211 1987 3269 enim
2009 3212 2148 3268 satis
2171 3211 2231 3268 in

246 3290 372 3365 ipsa
398 3290 763 3348 conscientia
788 3291 1169 3366 pulcherrimi*
1195 3292 1333 3349 facti
1363 3292 1585 3349 fructfis
1612 3301 1755 3362 erat,
1785 3301 1977 3352 tamen
2007 3290 2234 3349 mortali

244 3367 732 3429 immortalitatem
763 3388 877 3427 non
909 3370 1148 3428 arbitror
1174 3373 1676 3429 contemnendam

321 3447 515 3507 XLV.
560 3447 930 3506 Recordare
917 3449 1089 3526 uritur
1107 3449 1288 3520 illum,
1310 3449 1392 3506 M.
1408 3450 1649 3521 Antoni,
1670 3450 1823 3507 diem
1830 3469 1971 3527 ,quo
1987 3449 2233 3506 dictatu-

244 3544 370 3583 ram
398 3526 701 3584 sustulisti.
788 3528 946 3585 Pone
977 3539 1110 3585 ante
1137 3529 1336 3587 oculos
1378 3530 1634 3586 laetitiam
1664 3529 1898 3586 senatfis
1925 3528 2232 3605 populique
2262 3530 2336 3584 40
2373 3559 2392 3573 ·

244 3604 540 3663 Romani:
604 3605 805 3663 confer
848 3626 983 3664 cum
1040 3608 1459 3683 nundinatione
1514 3608 1614 3666 tua
1667 3618 2042 3699 tuorumque:
2111 3618 2232 3664 tum

246 3683 558 3760 intelliges,
602 3688 881 3760 quantum
926 3686 1072 3744 inter
1120 3687 1351 3744 laudem
1400 3699 1457 3745 et
1499 3687 1723 3744 lucrum
1768 3687 2008 3744 intersit.
2092 3687 2232 3758 Sed,

243 3763 543 3833 nimirum,
574 3780 638 3820 ut
663 3764 897 3855 quidam
928 3764 1156 3840 (morbo
1186 3766 1396 3840 aliquo,
1425 3775 1484 3823 et
1537 3785 1739 3823 ensus
1766 3767 2023 3857 stupore)
2049 3766 2236 3823 suavi-

242 3852 422 3898 tatem
454 3841 572 3900 cibi
602 3859 717 3900 non
747 3844 1036 3914 sentiunt3
1080 3845 1183 3902 sic
1194 3844 1507 3914 libidinosi,
1534 3844 1709 3915 avari,
1735 3844 2062 3915 facinorosi,
2087 3864 2235 3902 verae

243 3919 437 3980 laudis
463 3933 760 4001 gustatum
787 3941 903 3982 non
934 3924 1167 3982 habent.
1225 3921 1367 3995 Sed,
1397 3923 1446 3980 si
1468 3933 1526 3980 te
1553 3923 1680 3980 laus
1709 3923 1942 3982 allicere
1973 3924 2043 3982 ad
2073 3920 2233 3982 recte
2263 3914 2335 3968 45
