2667 4242
675 285 949 335 ommo
993 273 1132 339 PRO
1173 246 1274 337 ns
1295 258 1714 343 mancam.
2099 242 2106 249 ’
2209 287 2294 351 αι

210 427 429 500 dicam,
446 447 564 487 non
592 428 833 504 perinde
860 428 1101 507 intelligi
1128 429 1328 487 auditu
1357 428 1555 504 possit,
1579 437 1747 524 atque
1776 427 1898 506 ipse
1926 428 2192 506 cogitans

211 507 417 577 sentio.
503 507 697 582 Ipsam
741 507 1039 567 victoriam
1079 508 1287 567 vicisse
1326 508 1558 578 videris,
1614 527 1750 565 cum
1792 527 1883 578 ea,
1923 528 2051 585 quae
2091 509 2191 569 ina
2247 548 2250 551 -

210 600 336 643 erat
366 587 593 662 adepta,
623 586 791 643 victis
817 587 1101 644 remisisti.
1186 586 1364 659 Nam,
1393 584 1531 644 cum
1561 586 1740 662 ipsius
1767 586 2020 645 victoriae
2048 606 2190 645 con-

210 664 435 723 ditione
456 665 586 740 jure
612 684 815 724 omnes
840 666 978 722 victi
1002 665 1442 736 occidissemus,
1480 664 1804 723 clementiae
1829 675 1944 723 tuae
1965 664 2190 740 judicio

211 743 538 801 conservati
566 763 783 801 sumus.
864 743 1057 802 Recte
1079 745 1249 820 igitur
1271 763 1426 803 unus
1442 744 1694 801 invictus
1713 763 1797 815 es,
1823 762 1986 820 aquo
2012 745 2187 802 etiam
2249 747 2286 801 5

210 821 397 897 ipsius
423 821 677 880 victoriae
706 816 962 881 conditio
989 824 1186 899 visque
1212 823 1443 880 devicta
1468 833 1573 881 est.

294 900 370 958 V.
413 900 609 975 Atque
665 903 777 960 hoc
834 902 902 959 O.
947 900 1195 963 Caesaris
1241 901 1551 977 judicium,
1593 900 1794 959 Patres
1835 900 2186 978 conscripti,

209 997 387 1053 quam
430 978 545 1036 late
587 990 801 1056 pateat,
831 980 1146 1042 attendite:
1189 999 1404 1038 omnes
1431 980 1608 1050 enim,
1635 980 1734 1055 qui
1777 979 1847 1036 ad
1889 979 1989 1039 illa
2029 999 2190 1038 arma

214 1057 336 1115 fato
376 1076 574 1115 sumus
614 1058 814 1116 nescio
853 1079 965 1135 quo
1005 1059 1339 1135 reipublicae
1394 1059 1602 1115 misero
1643 1059 1979 1134 funestoque
2034 1077 2189 1116 com-

209 1136 388 1212 pulsi,
430 1136 540 1194 etsi
582 1137 772 1231 πώρῳ
826 1139 996 1214 culpa
1039 1141 1302 1195 tenemur
1343 1137 1550 1194 erroris
1571 1136 1848 1218 ‘humani,
1897 1155 1932 1193 a
1969 1136 2286 1218 scelere-10

212 1212 378 1272 certe
420 1215 909 1275 liberati'sumuS.
994 1217 1053 1274 N
1058 1216 1170 1293 arn,
1200 1214 1336 1273 cum
1367 1215 1451 1273 M.
1483 1215 1848 1285 Marcellum,
1876 1215 2189 1290 deprecan-

211 1294 373 1353 tibus
399 1294 579 1366 vobis,
607 1295 941 1370 reipublicae
983 1295 1379 1365 conservavit3
1423 1304 1638 1351 memet
1685 1293 1846 1364 mihi,
1874 1303 1933 1350 et
1981 1294 2188 1351 iterum

212 1373 574 1448 reipublicae,
625 1374 782 1431 nullo
821 1374 1191 1449 deprecante,
1235 1373 1483 1449 reliquos
1526 1371 1903 1449 amplissimos
1943 1373 2092 1430 viros
2130 1383 2191 1430 et

213 1452 328 1510 sibi
358 1452 497 1527 ipsis
522 1464 580 1510 et
606 1453 824 1527 patriae,
854 1453 1102 1510 reddidit
1126 1472 1139 1510 ε
1182 1470 1423 1528 quorum
1452 1460 1507 1509 et
1552 1451 1925 1527 frequentiam
1967 1461 2027 1508 et
2066 1451 2190 1528 dig-

215 1530 459 1588 nitatem
488 1531 600 1587 hoc
630 1531 837 1606 ipsein
867 1551 1140 1589 consessu
1169 1531 1393 1588 videtis.
1475 1530 1612 1589 Non
1632 1531 1727 1587 ille
1751 1531 1941 1588 hostes
1962 1529 2189 1587 induxit
2217 1532 2286 1587 15

214 1609 276 1666 in
308 1610 529 1666 curiam
555 1628 569 1678 3
613 1610 714 1666 sed
751 1608 1050 1685 judioayit,
1082 1629 1116 1667 a
1155 1609 1462 1688 plerisque,
1492 1610 1850 1685 ignoratione
1889 1606 2100 1684 potius,
2129 1620 2190 1665 et

215 1687 361 1745 falso
391 1700 559 1763 atque
587 1688 748 1745 inani
778 1702 952 1761 metu,
979 1688 1152 1764 quam
1182 1690 1496 1764 cupiditate
1528 1699 1626 1746 aut
1667 1688 2029 1758 crudelitate,
2073 1687 2191 1744 bel·

214 1766 342 1823 lum
371 1785 497 1823 esse
525 1768 874 1842 susceptum.
956 1768 1097 1830 Quo
1124 1769 1355 1843 quidem
1387 1768 1445 1824 in
1475 1767 1624 1824 bello
1662 1786 1886 1841 semper
1928 1767 2000 1823 de
2042 1785 2189 1841 pace

216 1845 574 1902 audiendum
602 1846 797 1920 putavi
818 1867 834 1915 3
878 1837 1213 1922 semp‘erque
1255 1847 1433 1916 dolui,
1463 1866 1577 1903 non
1621 1844 1791 1902 modo
1819 1863 2044 1920 pacem,
2085 1844 2190 1900 sed

214 1924 536 1981 orationem
603 1925 778 1981 etiam
844 1926 1077 1996 civium,
1147 1942 1350 2000 pacem
1413 1924 1813 2000 flagitantium,
1883 1921 2187 1997 repudiari.
2216 1930 2290 1986 m

217 2002 429 2077 Neque
457 1998 611 2059 enim
639 2023 748 2079 ego
791 2003 905 2075 illa,
934 2024 1045 2073 nec
1096 2005 1212 2061 ulla
1254 2024 1528 2078 unquam,
1577 2016 1816 2060 secutus
1860 2021 1986 2058 sum
2032 2008 2192 2057 arm'a

218 2082 452 2150 civilia3
496 2101 832 2157 semperque
880 2102 1008 2141 mea
1052 2083 1295 2141 consilia
1337 2082 1501 2157 pacis
1551 2091 1610 2138 et
1650 2091 1796 2156 togae
1851 2078 2030 2149 socia,
2073 2097 2192 2135 non

219 2160 356 2216 belli
387 2174 556 2235 atque
584 2179 890 2231 armorum,
920 2162 1168 2219 fuerunt.
1253 2161 1569 2218 Hominem
1597 2179 1723 2216 sum
1752 2167 1988 2215 secutus
2012 2156 2196 2231 priva-

220 2249 280 2296 to
319 2239 529 2309 officio,
578 2258 694 2296 non
739 2240 1001 2315 publico:
1066 2250 1403 2315 tantumque
1457 2238 1608 2315 apud
1661 2256 1755 2293 me
1808 2235 1959 2312 grati
2015 2234 2193 2292 animi
2289 2274 2316 2283 -κ

221 2317 410 2375 fidelis
438 2318 714 2375 memoria
742 2319 935 2390 valuit,
965 2331 1029 2376 ut
1056 2319 1234 2390 nulla,
1265 2338 1380 2377 non
1422 2315 1594 2374 modo
1625 2306 1964 2390 cupiditate,
1988 2313 2090 2371 sed
2119 2333 2192 2369 ne
2219 2322 2296 2379 25

220 2416 323 2472 spe
365 2396 616 2471 quidem,
646 2398 895 2472 prudens
943 2408 1003 2455 et
1042 2399 1253 2469 eciem,
1297 2408 1573 2473 tanquam
1615 2395 1687 2452 ad
1734 2393 2028 2473 interitum
2068 2411 2197 2450 rue-

220 2495 344 2533 rem
375 2475 775 2550 voluntarium.
1130 2474 1134 2478 ’
1290 2522 1301 2535 .
1803 2470 1820 2489 ”“
1863 2468 1894 2498 ⁶

300 2554 482 2615 Quod
535 2555 767 2629 quidem
820 2575 1012 2613 meum
1067 2555 1371 2614 consilium
1428 2550 1667 2612 minime
1709 2552 2020 2610 obscurum
2063 2550 2190 2607 fuit.
2245 2553 2402 2633 *NJ

223 2631 379 2690 Nam
409 2643 467 2689 et
495 2633 555 2689 in
585 2634 694 2691 hoc
721 2635 943 2705 ordine,
973 2634 1197 2711 integra
1240 2654 1322 2705 re,
1353 2635 1531 2692 multa
1572 2633 1644 2689 de
1671 2651 1817 2707 pace
1845 2630 1963 2709 dixi
1989 2650 2003 2688 ε
2045 2642 2103 2687 et
2134 2630 2190 2685 in

223 2711 349 2787 ipso
379 2712 528 2776 bello
555 2712 777 2782 eadem,
806 2716 976 2773 etiam
1009 2733 1140 2771 cum
1169 2714 1377 2789 capitis
1405 2712 1518 2770 mei
1541 2711 1816 2786 pericu10,
1846 2708 2019 2769 sensi.
2103 2707 2194 2765 Ex
2219 2715 2292 2771 30

221 2810 337 2864 quo
359 2790 478 2866 jam
508 2792 815 2848 nemo-erit
841 2802 956 2849 tam
987 2792 1231 2867 injustus
1259 2812 1448 2849 rerum
1496 2789 1920 2868 [existimator‚]
1952 2787 2051 2862 qui
2093 2787 2195 2843 du-

224 2869 387 2939 bitet,
415 2890 541 2945 quae
571 2870 819 2927 Caesaris
847 2873 1108 2929 voluntas
1150 2872 1222 2929 de
1272 2872 1421 2928 bello
1463 2869 1652 2939 fuerit,
1683 2867 1816 2927 cum
1856 2868 2017 2943 pacis
2059 2885 2195 2923 auc-

224 2957 378 3004 tores
427 2950 850 3007 conservandos
894 2951 1084 3007 statim
1134 2951 1460 3019 censuerit,¹
1478 2947 1717 3006 ‘caeteris
1766 2946 1935 3004 fuerit
1980 2945 2189 3002 iratior.

182 3021 197 3036 ⁹
225 3027 420 3102 Atque
438 3028 496 3083 id
520 3026 714 3084 minus
738 3028 940 3086 mirum
968 3029 1204 3087 fortasse
1226 3040 1370 3101 tum,
1389 3026 1524 3085 cum
1548 3037 1698 3084 esset
1717 3026 1970 3083 incertus
1986 3024 2191 3091 exituS,
2235 3068 2254 3093 x

192 3412 201 3423 s

223 3115 282 3162 et
302 3125 517 3181 anceps
540 3107 766 3163 fortuna
799 3108 965 3165 belli:
995 3108 1091 3183 qui
1122 3107 1275 3178 vero,
1295 3109 1494 3176 victor,
1517 3105 1679 3182 pacis
1701 3113 1965 3161 auctores
1987 3099 2191 3175 diligit,
2219 3104 2316 3173 35⁵

224 3183 273 3242 is
294 3184 554 3260 profecti>
578 3186 853 3257 declarat,
872 3206 934 3242 se
957 3189 1227 3245 maluisse
1252 3206 1366 3244 non
1385 3185 1684 3254 dimicare,
1694 3180 1872 3258 quam
1902 3179 2151 3236 vincere.

302 3262 410 3323 VI.
482 3265 675 3338 Atque
729 3264 899 3338 hujus
943 3267 1175 3340 quidem
1230 3266 1312 3323 rei
1343 3263 1452 3321 M.
1500 3262 1780 3319 Marcello
1833 3279 1960 3316 sum
2014 3256 2192 3344 testis,

220 3340 429 3401 Nostri
448 3342 613 3399 enim
660 3363 882 3414 sensae,
914 3345 1082 3401 ut‘in
1127 3365 1272 3420 pace
1317 3362 1563 3418 semper,
1608 3341 1693 3398 sic
1737 3350 1858 3396 tum
1910 3337 2083 3395 etiam
2132 3353 2194 3391 m

216 3416 377 3497 W
404 3422 818 3497 ssfflgfflssbant-
900 3423 1150 3485 Quoties
1177 3444 1286 3499 ego
1312 3442 1467 3491 eum,
1495 3430 1553 3477 et
1579 3430 1792 3494 quanto
1820 3435 1951 3474 cum
1982 3414 2194 3482 dolore,

250 3492 257 3501 ⁶
322 3496 341 3515 ¹
392 3496 928 3573 exitatusoientiam
979 3515 1265 3561 certorum
1307 3500 1623 3568 homiuum,
1653 3510 1773 3555 tum
1815 3496 1988 3553 etiam
2019 3491 2195 3567 ipsius
2222 3486 2292 3543 40

178 3566 209 3623 ’-
286 3568 313 3639 ’7
340 3570 493 3637 heim
508 3572 889 3655 honitatem,
918 3583 1391 3639 extimescentem
1418 3581 1430 3636 1
1514 3576 1656 3638 Quo
1685 3573 1897 3650 gratior
1925 3583 2025 3628 tua
2053 3570 2196 3627 libe-

170 3652 542 3749 Wr‘G.
568 3656 789 3730 Caesar,
819 3660 1004 3730 nobie,
1032 3661 1130 3737 qui
1176 3661 1272 3719 illa
1300 3659 1590 3726 vidimuS,.
1615 3655 1787 3712 debet
1833 3670 1976 3709 esse.
2058 3647 2195 3706 Nou

184 3737 549 3821 mzjam
590 3756 783 3794 causae
825 3750 959 3796 sunt
1009 3739 1156 3797 inter
1194 3760 1281 3810 se,
1311 3738 1414 3794 sed
1458 3735 1729 3802 victoriae,
1775 3729 2196 3819 comparanda?-

186 3798 499 3899 fffflffls
525 3826 683 3874 tuam
713 3818 1010 3876 victoriam
1039 3819 1367 3894 proelierum
1390 3815 1548 3874 exitu
1575 3811 1938 3893 terminatam
1963 3829 1977 3867 :
2018 3807 2200 3887 gladi-

706 3896 795 3952 G*

2329 2803 2460 2823 *m-
