2667 4242
766 265 1038 316 ORATIO
1082 264 1158 315 IN
1198 265 1278 314 M.
1323 262 1731 314 ANTONIUM.
1887 258 1893 264 ’
2217 260 2334 325 lm
2379 339 2388 349 .

960 678 975 691 ,
1018 583 1480 665 ORATIO

600 802 748 896 ΓΝ
834 819 975 896 Μ.
1078 818 1909 896 ANTONIUM.

230 1246 248 1264 ,
339 1189 391 1249 Ῑ.
460 1189 745 1253 Quorum
793 1208 924 1247 meo
970 1190 1108 1261 fato,
1149 1189 1356 1247 Patres
1380 1189 1729 1266 Conscripti,
1757 1187 1882 1247 fieri
1928 1189 2141 1260 dicam,
2178 1199 2245 1248 ut

257 1289 455 1342 nemo,
484 1269 575 1326 his
602 1267 771 1327 annis
795 1268 1019 1346 viginti,
1045 1268 1382 1344 reipublicae
1410 1267 1585 1326 fuerit
1622 1269 1818 1339 hostis,
1846 1268 1944 1343 qui
1984 1288 2100 1326 non
2128 1268 2250 1331 bel-2

259 1348 386 1407 lum
413 1348 617 1407 eodem
658 1358 915 1424 tempore
957 1347 1100 1406 mihi
1143 1364 1370 1423 quoque
1410 1347 1726 1405 indixerit?
1805 1345 1939 1406 Nec
1966 1345 2102 1405 vero
2143 1366 2243 1404 ne-
2291 1400 2313 1414 ,,

260 1447 430 1485 cesse
458 1437 545 1484 est
574 1445 607 1484 a
634 1446 728 1485 me
753 1445 1082 1502 quenquam
1128 1425 1451 1484 nominari:
1493 1426 1789 1484 vobiscum
1833 1425 1939 1502 ipsi
1981 1427 2246 1484 recorda-

262 1505 428 1563 mini.
511 1505 663 1564 Mihi
689 1517 991 1581 poenarum
1018 1505 1100 1562 illi
1129 1492 1281 1580 plffs,
1308 1503 1481 1580 quam
1520 1516 1795 1581 optarem,
1824 1506 2143 1576 dederunt3
2184 1515 2243 1564 te
2303 1507 2342 1563 5

263 1584 461 1656 miror,
493 1584 732 1657 Antoni,
761 1603 1003 1665 quorum
1030 1584 1187 1642 facta
1231 1584 1476 1655 imitere,
1504 1603 1703 1642 eorum
1750 1585 1938 1642 exitus
1977 1604 2092 1643 non
2118 1603 2247 1660 per·

262 1662 617 1723 horrescere.
703 1664 896 1738 Atque
919 1665 1029 1722 hoc
1049 1663 1109 1721 in
1133 1662 1259 1721 aliis
1279 1661 1472 1720 minus
1498 1663 1749 1720 mirabar
1773 1682 1788 1721 ι
1828 1682 2001 1722 nemo
2017 1663 2245 1721 illorum

265 1742 542 1801 inimicus
568 1742 708 1799 mihi
740 1742 847 1799 fuit
872 1742 1260 1801 voluntarius:
1301 1760 1502 1801 omnes
1530 1760 1564 1799 a
1590 1761 1684 1800 me
1704 1742 2035 1818 reipublicae
2065 1742 2244 1800 causa

263 1818 539 1879 lacessiti.
622 1820 744 1891 Tu,
771 1841 846 1878 ne
873 1822 1046 1880 verbo
1087 1821 1320 1897 quidem
1360 1820 1621 1891 violatuS,
1650 1830 1715 1878 ut
1759 1820 2031 1878 audacior
2071 1819 2245 1896 quam

264 1899 336 1959 L.
368 1899 643 1970 Catilina,
672 1898 935 1958 furiosior
980 1898 1152 1976 quam
1182 1900 1255 1957 P.
1283 1899 1544 1971 Clodius,
1572 1900 1850 1972 viderere,
1895 1900 2044 1958 ultro
2070 1900 2247 1956 male-
2275 1910 2347 1966 ιο

266 1978 442 2037 dictis
469 1998 563 2036 me
589 1978 872 2036 lacessisti
895 1998 911 2037 τ
951 1988 1224 2054 tuamque
1253 1997 1287 2036 a
1315 1997 1408 2036 me
1450 1978 1855 2036 alienationem
1884 1979 2250 2036 commenda-

266 2057 486 2125 tionem
512 2058 618 2115 tibi
649 2058 720 2116 ad
748 2056 906 2115 cives
933 2058 1137 2133 impios
1178 2058 1298 2116 fore
1322 2057 1613 2132 putavisti.

345 2137 516 2200 Quid
553 2137 795 2212 putem‘l
857 2147 1323 2213 contemptumne
1383 2137 1521 2194 mei
1603 2135 1739 2193 Non
1792 2135 1979 2206 video,
2034 2153 2146 2192 nec
2186 2133 2248 2193 in

268 2215 406 2287 vite,
434 2235 548 2273 nec
575 2215 635 2273 in
663 2215 870 2292 gratia,
899 2235 1011 2274 nec
1040 2215 1100 2275 in
1126 2215 1301 2274 rebus
1348 2214 1544 2291 gesti-⁴1,
1573 2232 1687 2272 nec
1732 2214 1793 2271 in
1821 2215 1934 2271 hac
1960 2214 2090 2270 mea
2132 2232 2250 2271 me-

266 2293 571 2352 diocritate
627 2292 865 2371 ingenii,
918 2295 1059 2369 quid
1097 2294 1396 2370 despicere
1440 2293 1617 2369 possit
1658 2294 1965 2352 Antonius,
2049 2294 2145 2350 An
2187 2292 2247 2351 in
2278 2301 2352 2356 15

267 2384 474 2431 senatu
502 2371 778 2430 facillime
807 2374 881 2432 de
908 2392 1005 2432 me
1030 2373 1255 2431 detrahi
1292 2390 1464 2448 posse
1502 2373 1787 2431 credidit?
1829 2372 1927 2447 qui
1967 2372 2106 2430 ordo
2133 2372 2250 2430 cla·

267 2448 512 2511 rissimis
540 2451 763 2509 civibus
809 2452 960 2510 bene
1003 2463 1180 2529 gestae
1222 2452 1554 2528 reipublicae
1601 2450 1990 2510 testimonium
2031 2451 2248 2522 multis„

267 2530 412 2588 mihi
453 2527 557 2587 uni
613 2542 979 2601 conservatae,
1022 2532 1198 2590 dedit.
1297 2532 1396 2589 An
1437 2531 1735 2588 decertare
1788 2549 2018 2588 mecum
2072 2530 2252 2590 voluit

268 2608 639 2669 contentione
698 2609 972 2668 dicendi'l
1042 2611 1154 2669 hoc
1212 2610 1446 2684 quidem
1503 2609 1849 2667 beneficium
1915 2620 2040 2667 est:
2108 2609 2249 2685 quid
2365 2670 2370 2675 ,

266 2689 425 2747 enim
453 2687 700 2764 pleniuS,
729 2687 1148 2763 quiduberius,
1195 2687 1372 2764 quam
1420 2688 1560 2747 mihi
1590 2698 1648 2747 et
1692 2709 1793 2765 pro
1820 2708 1933 2760 me,
1962 2699 2021 2747 et
2049 2700 2252 2748 contra
2277 2692 2350 2749 20

268 2767 617 2838 Antonium,
643 2767 882 2825 dicere?
965 2766 1119 2825 Illud
1146 2767 1404 2844 profecto
1432 2777 1556 2826 est:
1581 2788 1713 2826 .non
1761 2768 2129 2839 existimauit,
2159 2768 2250 2825 sui

267 2845 810 2921 similibus-probari
836 2865 1022 2921 posse,
1051 2864 1114 2904 se
1141 2867 1269 2905 esse
1296 2848 1516 2904 hostem
1542 2847 1760 2924 patriae,
1789 2847 1901 2905 nisi
1929 2847 2071 2903 mihi
2100 2857 2256 2905 esset

268 2922 561 2982 inimicus».
644 2923 761 2981 Cui
798 2924 959 3000 prius
984 2923 1158 3000 quam
1205 2926 1277 2983 de
1325 2927 1549 2984 caeteris
1589 2927 1761 2984 rebus
1800 2927 2138 3000 respondeo,
2178 2926 2256 2983 de

269 3002 553 3074 amicitia,
581 3021 753 3078 quam
783 3022 818 3060 a
846 3022 938 3067 me
965 3004 1232 3062 violatam
1261 3024 1388 3062 esse
1417 3005 1758 3062 criminatus
1796 3012 1903 3074 est,
1937 3001 2117 3079 (quod
2134 3021 2257 3082 ,ego

266 3080 673 3160 gravissimum
701 3081 922 3140 crimen
944 3082 1168 3163 judico)
1199 3102 1389 3159 pauca
1417 3084 1628 3140 dicam.
1751 3118 1758 3126 ·
2280 3082 2354 3137 25

346 3158 435 3218 ΙΙ.
505 3159 726 3218 Contra
751 3180 874 3220 rem
915 3180 1077 3219 suam
1120 3180 1235 3234 me,
1261 3162 1466 3229 nescio
1487 3160 1738 3236 quando,
1767 3159 1993 3217 venisse
2019 3167 2258 3234 questus

266 3249 371 3297 est.
457 3238 558 3296 An
601 3258 711 3316 ego
752 3259 866 3298 non
912 3241 1166 3299 venirem
1211 3254 1411 3299 contra
1451 3240 1704 3297 alienum
1742 3258 1848 3315 pro
1887 3237 2157 3297 familiari
2198 3247 2261 3311 et

212 3348 215 3353 ·
267 3317 602 3376 necessario
646 3319 819 3376 meo'l
860 3337 975 3378 non
1016 3321 1271 3378 venirem
1316 3329 1517 3378 contra
1560 3319 1826 3396 gratiam,
1875 3336 1992 3377 non
2032 3316 2264 3375 virtutis

268 3416 391 3473 spe,
420 3397 524 3471 sed
554 3393 737 3469 aetatis
751 3397 924 3470 flore,
948 3399 1250 3456 collectam
1270 3400 1294 3455 'l
1314 3464 1318 3470 ,
1336 3418 1452 3456 non
1473 3394 1729 3455 venirem
1748 3396 2257 3472 contra-injuriam,

142 3524 155 3535 .
197 3510 205 3521 ·
267 3494 446 3550 quam
502 3475 609 3532 iste
664 3476 1060 3535 intercessoris
1120 3477 1466 3552 iniquissimi
1506 3466 2100 3547 beneficio'obti'nuit,
2141 3492 2258 3533 non
2287 3486 2362 3551 30

262 3554 395 3630 jure
436 3554 741 3629 praetorio?
826 3557 944 3625 Sed
974 3558 1088 3615 hoc
1130 3556 1351 3614 idcirco
1394 3551 1904 3614 commemoratum
1954 3574 1987 3611 a
2014 3563 2077 3611 te
2098 3563 2284 3629 puto,

244 3642 333 3707 qut
360 3642 420 3688 te
449 3630 646 3690 infimo
671 3634 859 3692 ordini
889 3636 1344 3705 commendares,
1376 3630 1520 3692 cum
1559 3644 1618 3692 te
1644 3640 1845 3695 omnes
1891 3634 2260 3691 recordaren-

268 3713 362 3768 tur
390 3710 646 3768 libertini
673 3732 975 3789 generum,
1003 3725 1062 3774 et
1087 3715 1298 3773 liberos
1324 3724 1458 3771 tuos
1480 3722 1718 3789 nepotes
1756 3713 1837 3776 Q.
1869 3712 2061 3797 Fadii,
2089 3712 2262 3771 liber-

267 3787 381 3848 tini
420 3788 691 3863 hominis,
721 3791 913 3850 fuisse.
1259 3841 1262 3844 .
1417 3814 1426 3820 ·
2251 3800 2278 3834 ·’
