2667 4242
298 1668 379 1727 πύκ’

373 314 456 376 22
778 300 792 312 ‘
919 314 1196 364 oaxmo
1241 313 1382 366 rao
1423 314 1706 365 Ancum
1749 314 2000 365 POETA.

470 455 720 532 praemiis
761 455 1080 515 donstrunt:
1128 468 1188 515 et
1228 477 1449 529 omnes,
1484 458 1584 535 qui
1628 458 1842 534 aliquid
1886 459 1959 517 de
2005 457 2258 536 ingeniis
2297 467 2455 534 pote-

472 547 603 592 rant
623 535 906 610 judicare,
935 536 1265 613 cognitione
1294 549 1464 612 atque
1493 537 1736 613 hospitio
1762 537 2000 627 dignum
2028 537 2448 594 existimarunt·

554 614 687 672 Hac
730 614 889 671 tanta
929 615 1263 674 celebritate
1292 615 1459 675 famae
1486 613 1623 674 cum
1651 627 1803 673 esset
1832 635 1952 692 Jam
1989 616 2328 674 absentibus
2355 635 2454 673 no·

471 701 584 761 tus,
630 693 879 750 Romam
926 693 1100 765 venit,
1150 694 1341 752 Mario
1387 695 1622 753 consule
1668 704 1728 752 et
1773 695 2022 757 Catulo..
2079 694 2312 751 Nactus
2366 702 2455 751 est

402 784 440 838 5
471 769 719 846 primum
749 772 1015 829 consules
1050 792 1168 843 eos,
1195 792 1437 849 quorum
1471 773 1613 830 alter
1647 792 1742 831 res
1775 773 1846 831 ad
1874 773 2246 831 scribendum
2273 772 2455 830 maxi-

472 867 616 918 mas,
659 850 800 907 alter
834 848 969 907 cum
1001 870 1094 909 res
1128 862 1339 928 gestas,
1375 861 1498 909 tum
1538 851 1714 909 etiam
1753 852 2003 909 studium
2047 861 2218 926 atque
2259 869 2450 923 aures,

473 928 746 986 adhibere
798 940 1002 1004 posset.
1085 930 1295 987 Statim
1356 929 1609 1001 Luculli,
1664 928 1801 988 cum
1851 939 2219 1013 praete-Qtus
2271 930 2452 986 etiam

472 1015 595 1063 tum
649 1007 901 1064 Archias
951 1019 1121 1079 esset,
1175 1019 1310 1066 eum
1364 1009 1595 1066 domum
1662 1027 1828 1066 suam
1885 1017 2244 1084 receperunt.
2330 1008 2452 1065 Sed

472 1085 647 1141 etiam
702 1086 812 1143 hoc
864 1105 979 1144 non
1025 1084 1210 1145 solum
1264 1087 1485 1164 ingenii
1539 1105 1611 1145 ac
1662 1087 1976 1158 literarum,
2024 1085 2226 1144 verum
2270 1087 2452 1143 etiam

372 1173 439 1226 ιο
472 1175 690 1221 naturae
733 1174 903 1238 atque
944 1166 1186 1236 virtutis,
1231 1163 1415 1245 [suit,]
1469 1175 1533 1223 ut
1576 1166 1800 1236 domus,
1841 1184 1967 1240 quae
2012 1163 2184 1241 hujus
2233 1164 2452 1222 adoles·-

472 1243 679 1299 centiae
726 1243 910 1319 prima
963 1244 1153 1314 fuerit,
1200 1244 1405 1302 eadem
1447 1254 1599 1302 esset
1642 1243 2087 1301 familiarissima
2139 1243 2430 1301 senectuti

470 1319 613 1378 Erat
652 1322 1001 1396 temporibus
1043 1322 1154 1379 illis
1187 1322 1481 1398 jucundus
1519 1321 1601 1385 Q.
1633 1322 1872 1381 Metello
1897 1322 1980 1380 illi
2021 1321 2364 1391 Numidico,
2391 1324 2451 1378 et'

470 1399 595 1473 ejus
641 1400 744 1457 Pio
786 1400 936 1458 filio:
980 1401 1321 1458 audiebatur
1371 1420 1406 1459 a
1448 1400 1529 1458 Μ.
1577 1401 1854 1459 AEmilio:
1910 1401 2137 1458 vivebat
2184 1418 2322 1457 cum
2364 1400 2446 1461 Q·

472 1478 702 1549 Catu10,
731 1489 790 1535 et
830 1489 1012 1554 patre,
1054 1489 1111 1537 et
1152 1480 1306 1537 filio:
1353 1499 1388 1538 a
1421 1480 1488 1537 L.
1527 1480 1741 1538 Crasso
1781 1479 2111 1538 colebatur:
2170 1478 2448 1537 Lucullos

371 1557 438 1613 15
470 1555 626 1627 vero,
655 1568 713 1614 et
750 1557 1024 1629 Drusum,
1052 1568 1111 1615 et
1143 1557 1440 1629 Octavios,
1467 1568 1527 1616 et
1565 1559 1867 1629 Catonem,
1895 1567 1954 1615 et
1991 1567 2168 1616 totam
2197 1555 2448 1614 Horten-

312 1628 331 1645 *
470 1635 683 1692 siorum
729 1635 963 1693 domum
1016 1637 1343 1694 devinctam
1396 1637 1812 1715 consuemdjne
1856 1633 1992 1693 clim
2035 1644 2280 1705 teneret,
2329 1635 2449 1692 affi-

471 1713 730 1770 ciebatur
759 1732 982 1772 summo
1010 1717 1255 1785 honore3
1296 1713 1452 1791 qudd
1491 1728 1624 1773 eum
1668 1712 1780 1774 tion
1820 1713 2004 1773 solum
2032 1714 2320 1784 colebant,
2348 1713 2450 1788 qui

472 1792 688 1866 aliquid
734 1793 1029 1868 percipere
1077 1804 1246 1871 atque
1291 1794 1491 1853 audire
1537 1792 1864 1921 mudfbant,
1907 1791 2355 1864 verumetiam,
2399 1792 2448 1850 si

470 1871 566 1944 qui
598 1869 738 1928 sorte
770 1872 1132 1930 simulabant.

364 1957 438 2011 20
550 1949 655 2007 IV.
726 1948 987 2020 Interim,
1032 1951 1172 2008 satis
1216 1950 1390 2028 longo
1436 1950 1752 2022 intervallo,
1796 1948 1933 2008 cum
1984 1958 2136 2008 esset
2188 1967 2328 2006 cum
2378 1949 2444 2007 L.

470 2028 718 2086 Lucullo
758 2029 814 2086 in
860 2029 1121 2086 Siciliam
1157 2029 1468 2106 profectus,
1495 2040 1555 2087 et
1582 2027 1719 2087 cum
1746 2048 1826 2086 ex
1858 2028 1929 2087 ea
1970 2027 2268 2105 provincia
2309 2047 2446 2086 cum

468 2109 671 2166 eodem
742 2108 990 2166 Lucullo
1041 2109 1368 2179 decederet,
1422 2109 1581 2166 venit
1648 2108 2015 2166 Heracleam.
2093 2105 2253 2167 Quae
2306 2105 2447 2164 cum

470 2197 620 2244 esset
667 2188 870 2246 civitas
917 2188 1240 2263 aequissimo
1279 2186 1410 2263 jure
1454 2206 1525 2245 ac
1572 2186 1805 2257 foedere,
1836 2185 2083 2244 adscribi
2116 2203 2180 2241 se
2213 2184 2277 2243 in
2313 2204 2447 2243 eam

470 2266 761 2324 civitatem
789 2267 1003 2324 voluit:
1047 2266 1238 2341 idque,
1267 2264 1405 2323 cum
1454 2266 1575 2342 ipse
1620 2284 1724 2340 per.
1763 2283 1825 2322 se
1871 2265 2081 2340 dignus
2124 2273 2445 2339 putaretur,

362 2352 436 2404 25
469 2353 591 2400 tum
639 2346 978 2402 auctoritate
1013 2355 1069 2402 et
1115 2344 1302 2420 gratia
1347 2343 1599 2421 Luculli,
1630 2344 1703 2401 ab
1739 2341 2229 2401 Her'acleensibus
2271 2342 2447 2418 impe-

468 2422 654 2478 travit.
738 2422 892 2480 Data
931 2434 1018 2480 est
1054 2422 1257 2480 civitas
1304 2422 1526 2487 Silvani
1567 2422 1695 2498 lege
1738 2431 1797 2480 et
1826 2421 2139 2491 Carbonis,
2178 2427 2217 2453 “
2237 2440 2295 2478 s1
2335 2439 2446 2483 am

469 2518 831 2557 roensnxrrs
866 2519 1256 2560 mvn-Armua
1293 2519 1615 2558 Anscnu’u
1658 2518 1989 2569 surssmm
2031 2518 2088 2558 s1
2128 2518 2285 2571 Tun,
2313 2518 2446 2561 cun

467 2595 589 2633 Lux
620 2596 1008 2650 renensium,
1039 2597 1106 2637 m
1135 2598 1347 2638 rrAmA
1375 2597 1751 2637 nomcrnnm
1779 2596 2207 2647 nasmssnnm
2253 2597 2359 2649 nr,
2387 2598 2445 2636 ει

469 2674 811 2713 sexAGmTA
883 2677 1106 2716 ntesns
1133 2678 1321 2726 ‚nun
1392 2677 1739 2715 rama-oasin
1802 2675 2036 2716 13:88st
2092 2659 2443 2715 Paos-sssr.”

363 2739 436 2794 30
470 2731 623 2791 Cum
669 2734 765 2791 hic
809 2735 1164 2795 domicilium
1202 2738 1407 2796 Romae
1449 2737 1655 2793 multos
1678 2736 1795 2811 jam
1827 2755 2007 2793 annos
2033 2736 2295 2806 haberet,
2319 2754 2447 2812 pro-

470 2813 652 2870 fessus
697 2823 785 2871 est
839 2815 990 2891 apud
1041 2826 1359 2892 praetorem,
1413 2815 1494 2878 Q..
1552 2814 1877 2883 Metellum,
1932 2814 2448 2873 familiarissimum

467 2911 652 2950 suum.
1599 2918 1606 2925 ·

548 2971 612 3028 Si
650 2970 792 3029 nihil
824 2971 1000 3043 aliud,
1029 2971 1140 3030 nisi
1185 2973 1258 3030 de
1301 2972 1536 3032 civitate
1565 2991 1635 3030 ac
1661 2972 1811 3050 lege,
1841 2971 2109 3042 dicimus,
2135 2971 2284 3029 nihil
2314 2971 2466 3030 dico,

470 3050 745 3126 amplius:
789 3069 967 3109 causa
994 3051 1151 3108 dicta
1177 3061 1296 3108 est:
1337 3051 1474 3127 quid
1502 3052 1656 3109 enim
1686 3052 1888 3109 horum
1928 3049 2226 3121 infirmari,
2255 3050 2445 3122 Grati,

361 3139 434 3193 35
465 3131 688 3205 potest?
760 3129 1138 3187 Heracleaene
1174 3148 1311 3187 esse
1358 3140 1480 3186 tum
1525 3130 1872 3206 adscriptum
1915 3127 2199 3205 negabis?
2258 3129 2449 3187 Adest

467 3208 551 3264 vir
591 3208 815 3265 summa
858 3208 1215 3279 auctoritate,
1245 3217 1303 3266 et
1329 3208 1624 3284 religione,
1653 3218 1711 3265 et
1740 3209 1871 3281 fide,
1902 3207 1983 3264 M.
2015 3206 2321 3279 Lucullus,
2349 3209 2447 3284 qui

368 3292 376 3302 “
468 3306 528 3342 se
569 3306 682 3343 non
720 3285 964 3361 opinari,
1006 3286 1105 3343 sed
1155 3286 1341 3354 scire3
1386 3305 1500 3343 non
1542 3286 1846 3358 audivisse,
1887 3287 1985 3344 sed
2034 3285 2288 3357 vidisse3
2331 3306 2450 3345 non

468 3364 812 3433 interfuisse,
857 3365 958 3421 sed
1003 3364 1208 3440 egisse,
1255 3364 1412 3422 dicit.
1497 3364 1728 3422 Adsunt
1775 3365 2199 3423 Heracleenses
2245 3364 2450 3442 legati,

467 3442 805 3499 nobilissimi
853 3443 1130 3512 homines»,
1162 3441 1361 3518 (hujus
1392 3442 1596 3518 judicii
1641 3443 1839 3513 causa,
1869 3461 2001 3500 cum
2046 3443 2366 3516 mandatis,
2391 3455 2450 3503 et
2533 3451 2542 3468 ¹

362 3527 433 3581 40
469 3539 602 3577 cum
650 3521 880 3595 publico
925 3521 1268 3591 testimonio,
1316 3521 1625 3601 venerunt)
1671 3522 1771 3597 qui
1820 3523 1976 3579 hunc
2025 3520 2446 3604 [adscriptum]

469 3597 920 3656 Heracleensem
949 3599 1166 3656 dicunt.
2295 3642 2302 3651 .
2357 3654 2364 3663 ,

549 3675 669 3732 Hic
705 3688 764 3733 tu
801 3678 1026 3734 tabulas
1065 3677 1358 3734 desideras
1401 3677 1880 3736 Heracleensium
1923 3677 2223 3753 publicas;
2281 3696 2474 3757 ques..

472 3752 676 3810 Italico
704 3754 871 3825 bello,
901 3754 1136 3811 incenso
1170 3754 1474 3821 tabulario.
1504 3755 1766 3813 interisse
1792 3756 2009 3813 scimus
2033 3774 2254 3815 omnesa.
2339 3754 2452 3821 Est
