2667 4242
438 288 521 351 0⁴
1016 291 1290 343 ORATIO
1334 292 1476 342 PRO
1518 291 1595 341 ffi-
1640 290 2058 378 maculabo,

538 434 778 494 dantes:
818 435 921 494 sed
949 447 1143 494 tamen
1171 455 1242 494 ea
1282 435 1492 508 vicisti,
1521 455 1675 513 quae·
1691 445 1956 494 naturam
1996 445 2057 493 et
2096 434 2475 492 conditionem

538 526 603 572 ut
631 514 786 572 vinci
812 528 1066 591 possent,
1096 516 1420 572 habebant:
1452 516 1611 573 nulla
1636 525 1725 572 est
1750 516 1906 573 enim
1935 524 2099 572 tanta
2124 514 2234 584 vis,
2252 533 2376 590 quae
2394 533 2491 570 non

541 595 689 652 ferro
719 613 787 651 ac
810 594 1024 651 viribus
1044 595 1327 651 debilitari
1354 594 1652 684 frangique
1673 594 1868 670 possit.
1953 593 2237 650 Animum
2262 593 2492 663 vincere,

540 673 899 731 iracundiam
930 674 1221 743 cohibere,
1249 673 1546 730 victoriam
1587 684 1931 749 temperare,
1962 671 2374 742 adversarium,
2413 690 2496 727 no-

474 763 512 816 5
543 752 782 821 bilitate,
838 752 1094 828 ingenio,
1150 751 1359 809 virtute
1411 762 1801 843 praestantem,
1844 771 1961 809 non
2021 749 2198 808 modo
2241 716 2495 807 extollere

533 830 849 919 jacentem,
877 831 979 887 sed
1023 830 1198 887 etiam
1227 831 1579 907 amplificare
1617 826 1746 906 ejus
1784 830 2084 907 pristinam
2125 830 2493 905 dignitatem·
2480 871 2493 897 ,

541 910 670 966 haec
716 908 813 985 qui
858 908 1052 979 faciat,
1097 929 1211 966 non
1254 929 1366 986 ego
1406 928 1538 968 eum
1580 922 1717 968 cum
1757 910 1997 967 summis
2035 908 2175 966 viris
2215 927 2493 983 comparo,

540 988 642 1045 sed
670 986 1021 1045 simillimum
1053 987 1181 1045 Deo
1202 987 1419 1064 judico.

621 1064 861 1141 Itaque,‘
895 1065 963 1123 C.
994 1067 1210 1137 Caesar,
1242 1067 1464 1124 bellicae
1503 1079 1619 1125 tuae
1660 1067 1861 1124 laudes
1902 1066 2357 1125 celebrabuntur
2401 1064 2496 1120 illae

445 1155 516 1209 10
541 1145 772 1219 quidem
797 1164 909 1203 non
940 1144 1125 1202 solum
1153 1146 1380 1215 nostriS,
1409 1146 1510 1202 sed
1538 1144 1689 1221 pene
1730 1146 1990 1203 omnium
2018 1145 2309 1222 gentium,
2338 1142 2496 1200 literis

542 1233 712 1300 atque
754 1224 1000 1300 linguis3
1065 1243 1250 1299 neque
1306 1224 1424 1281 ulla
1478 1243 1731 1300 unquam
1793 1234 1931 1281 aetas
1973 1224 2045 1280 de
2089 1223 2207 1282 tuis
2250 1222 2496 1279 laudibus

542 1303 915 1361 conticescet.
998 1303 1115 1359 Sed
1145 1316 1336 1360 tamen
1356 1302 1639 1378 ejusmodi
1661 1323 1770 1374 res,
1793 1303 1995 1360 nescio
2014 1303 2326 1379 quomode,
2344 1300 2497 1357 etiam

542 1380 678 1438 cum
705 1382 994 1458 leguntur,
1021 1381 1272 1457 obstrepi
1300 1382 1552 1439 clamore
1580 1382 1823 1439 militum
1853 1381 2137 1452 videntur,
2160 1391 2225 1438 et
2250 1381 2494 1438 tubarum
2523 1404 2526 1409 ·

540 1479 699 1517 sono.
803 1460 887 1516 At
926 1458 1082 1530 vero,
1132 1458 1266 1517 cum
1325 1459 1539 1535 aliquid
1582 1461 1916 1532 clementer,
1962 1458 2293 1530 mansuete,
2341 1455 2495 1534 J'uste,

446 1545 516 1599 15
543 1536 859 1608 moderate,
879 1538 1167 1613 sapienter
1196 1539 1435 1609 sactum,
1467 1539 1556 1611 (ιιι
1586 1539 1890 1596 iracundia
1918 1540 2261 1616 praesertim,
2284 1556 2403 1614 quae
2423 1545 2496 1593 est

542 1617 783 1674 inimica
822 1616 1085 1687 consilio,
1114 1627 1173 1673 et
1214 1617 1273 1674 in
1318 1617 1577 1688 victoria,
1621 1638 1747 1693 quae
1788 1619 1995 1675 natura
2037 1618 2298 1675 insolens
2341 1626 2397 1673 et
2419 1634 2496 1671 su-

540 1695 721 1772 perba
745 1696 917 1790 est)
892 1705 990 1752 aut
1018 1696 1302 1768 audimus,
1333 1707 1433 1754 aut
1458 1696 1741 1787 legimuS,
1727 1716 1740 1730 ·
1783 1716 1895 1787 quo
1916 1696 2105 1754 studio
2127 1696 2495 1763 incendimur,

540 1793 660 1831 non
688 1775 859 1831 modo
903 1773 963 1831 in
1004 1774 1182 1850 gestis
1221 1775 1416 1845 rebus,
1445 1776 1547 1832 sed
1589 1775 1764 1833 etiam
1808 1777 1864 1833 in
1896 1776 2066 1847 fictis,
2096 1785 2161 1832 ut
2199 1795 2306 1833 eos
2338 1790 2492 1847 saepe,

540 1872 683 1928 quos
724 1872 1019 1942 nunquam
1060 1853 1327 1926 vidimus,
1383 1821 1725 1930 diligamns!
1810 1855 1903 1912 Te
1957 1852 2114 1926 vero,
2162 1873 2338 1929 quem
2376 1869 2493 1928 prae-

180 1922 261 2015 745
441 1935 515 1989 ω
544 1943 765 1989 88ιιι8ιιι
809 1932 1118 2004 intuemur,
1148 1933 1315 2008 cujus
1356 1944 1609 1990 mentem
1651 1953 1965 2009 sensusque
2007 1944 2067 1990 et
2091 1952 2157 1991 os
2198 1932 2489 1999 cernimus,

542 2020 626 2080 ut,
654 2011 928 2086 quidquid
960 2011 1092 2069 belli
1122 2011 1350 2069 fortuna
1373 2013 1654 2087 reliquum
1683 2013 2016 2088 reipublicae
2044 2012 2272 2083 fecerit,
2303 2011 2360 2068 id
2384 2025 2491 2066 8888

542 2056 762 2149 saivum
788 2090 951 2162 velis,
979 2091 1187 2166 quibus
1214 2090 1484 2148 laudibus
1510 2091 1855 2148 efferemus?
1896 2091 2105 2167 quibus
2145 2057 2355 2148 studiis
2391 2106 2491 2163 pro·

543 2172 892 2245 sequemur-'l
932 2172 1046 2245 qua
1077 2169 1478 2227 benevolentia
1518 2170 2013 2260 complectemur?
2080 2170 2360 2240 Parietes,
2397 2183 2490 2222 me-

543 2248 674 2304 dius
674 2249 1016 2384 fidiusssssu
1043 2249 1184 2305 mihi
1215 2248 1509 2326 videntur)
1541 2249 1713 2325 hujus
1740 2250 1937 2319 curiae,
1965 2248 2071 2306 tibi
2098 2249 2337 2337 gratias
2346 2261 2493 2332 agere

441 2324 514 2379 25
542 2327 816 2402 gestiunt,
845 2347 882 2403 q
920 2329 995 2384 od
1028 2327 1183 2384 brevi
1211 2338 1466 2403 tempore
1496 2327 1686 2385 futura
1712 2328 1787 2384 sit
1827 2326 1925 2384 illa
1966 2328 2282 2386 auctoritas
2323 2326 2380 2383 in
2416 2321 2491 2380 his

236 2414 425 2537 's‘
543 2405 821 2480 majorum
850 2424 1082 2462 suorum
1110 2414 1168 2462 et
1194 2406 1314 2462 suis
1341 2406 1593 2464 sedibus

621 2483 730 2542 IV.
814 2482 1120 2557 Equidem,
1174 2483 1310 2542 cum
1366 2484 1437 2542 C.
1481 2484 1767 2556 Marcelli,
1810 2484 1916 2542 viri
1969 2484 2170 2560 optimi
2247 2494 2309 2542 et
2363 2498 2495 2539 com·

543 2561 899 2618 memorabili
922 2562 1134 2637 pietate
1161 2562 1406 2637 praediti,
1424 2563 1710 2640 lacrymas
1725 2562 1898 2621 modo
1918 2565 2214 2623 vobiscum
2238 2563 2490 2627 viderem,

542 2639 801 2696 omnium
856 2639 1263 2698 Marcellorum
1333 2661 1528 2699 meum
1595 2653 1800 2717 pectus
1866 2642 2144 2700 memoria
2212 2635 2488 2718 [obfudit]

440 2723 525 2779 30
540 2716 779 2779 Quibus
805 2727 867 2775 ιιι
884 2718 1058 2777 etiam
1087 2721 1344 2791 mortuis,
1364 2720 1447 2778 M.
1468 2720 1750 2779 Marcello
1788 2733 2144 2791 conservato,
2173 2720 2490 2796 dignitatem

544 2814 708 2852 suam
750 2797 1088 2867 reddidisti,
1131 2800 1659 2889 nobilissimamque
1704 2799 1998 2870 familiam,
2021 2800 2139 2876 jam
2184 2800 2255 2855 ad
2301 2811 2493 2874 paucos

541 2875 858 2946 redactam,
885 2896 1035 2952 pene
1067 2879 1140 2934 ab
1167 2877 1398 2935 interitu
1429 2877 1753 2935 vindicasti.
1839 2845 2021 2936 Huni>
2048 2889 2110 2935 tu
2154 2877 2329 2967 igitur
2357 2876 2491 2932 diem

542 2953 658 3010 tuis
701 2955 965 3012 maximis
1008 2968 1066 3014 et
1107 2956 1620 3013 innumerabilibus
1659 2957 2139 3032 gratulationibus
2186 2957 2317 3033 jure
2358 2962 2494 3010 ante·
2508 3012 2516 3020 ,

541 3051 737 3107 pones
823 3032 971 3092 Haec
997 3035 1150 3092 enim
1194 3053 1286 3091 res
1327 3035 1502 3092 unius
1541 3047 1629 3092 est
1667 3034 1896 3111 propria
1937 3036 2223 3093 Caesaris:
2267 3044 2492 3098 caeterae,

439 3115 512 3170 35
542 3112 692 3169 duce
718 3121 777 3170 te
818 3123 1015 3189 gestae,
1044 3132 1268 3188 magnae
1308 3113 1421 3170 illae
1459 3114 1713 3189 quidem,
1756 3115 1854 3171 sed
1899 3125 2094 3172 tamen
2137 3113 2319 3171 multo
2343 3126 2494 3185 «mag-

540 3210 728 3266 noque
769 3192 1062 3250 comitatu.
1159 3191 1353 3268 Hujus
1408 3202 1599 3249 autem
1652 3193 1736 3250 rei
1776 3203 1838 3251 tu
1879 3193 2031 3251 idem
2074 3203 2132 3251 et
2172 3193 2291 3250 dux
2330 3210 2410 3260 88,
2429 3192 2493 3267 ¹et

542 3289 774 3328 comes:
837 3291 964 3346 quae
1014 3271 1243 3346 quidem
1287 3281 1450 3328 tanta
1488 3283 1597 3341 est,
1642 3281 1705 3328 ut
1745 3272 1971 3347 tropaeis
2013 3271 2494 3343 monumentisque

541 3349 656 3405 tuis
685 3349 926 3407 allatura
954 3350 1126 3406 finem
1154 3349 1229 3406 sit
1257 3360 1396 3406 aetas
1446 3316 1617 3425 (nihil
1657 3349 1813 3406 enirn
1861 3361 1949 3408 est
1988 3370 2159 3425 opere
2194 3362 2294 3407 aut
2336 3360 2512 3409 mm,

543 3428 781 3498 sactum,
811 3429 962 3504 quod
1001 3428 1307 3517 aliquando
1334 3446 1452 3484 non
1481 3429 1752 3485 conficiat
1778 3442 1836 3487 et
1863 3440 2165 3488 consumat
2192 3422 2504 3583 vetuffissg

439 3504 512 3559 40
543 3517 600 3563 at
640 3506 777 3564 vero
820 3509 946 3564 haec
985 3518 1085 3564 tua
1117 3506 1346 3581 justitia
1385 3517 1442 3563 et
1483 3506 1690 3564 lenitas
1733 3508 1908 3564 animi
1953 3502 2215 3565 florescet
2256 3527 2342 3585 qu
2600 3502 2602 3513 *

539 3586 747 3661 magiS,
798 3586 878 3643 ita
919 3595 1000 3655 ut,
1042 3595 1318 3660 quantum
1363 3586 1632 3659 operibus
1685 3586 1799 3643 tuis
1841 3587 2185 3643 diuturnitas
2227 3580 2512 3671 ἀθιιΜ·
2601 3604 2602 3661 j

539 3673 765 3720 tantum
796 3665 994 3720 afferat
1021 3664 1304 3720 laudibus,
1390 3663 1466 3720 Et
1495 3675 1732 3721 caeteros
1758 3666 1989 3739 quidem
2018 3684 2217 3723 omnes
2260 3654 2510 3729 vieffl?

503 3741 820 3797 ‘bellorum
850 3741 1148 3797 civilium
1128 3760 1246 3816 Jam
1277 3740 1412 3796 ante
1442 3742 1707 3830 aequitate
1735 3754 1793 3798 et
1834 3744 2225 3801 misericordia
2255 3720 2516 3898 νὶαιέιῧ)

541 3817 822 3876 hodierno
861 3816 997 3876 vero
1039 3818 1135 3875 die
1175 3828 1231 3874 te
1272 3817 1460 3893 ipsum
1501 3818 1706 3876 vicisti.
1786 3821 2026 3894 Vereor,
2069 3841 2143 3879 ne
2184 3824 2295 3879 hoc
