2667 4242
307 381 324 395 ,
367 318 483 379 128
670 362 688 375 ‚
861 315 1136 367 onA‘rlo
1178 315 1319 366 rao
1365 317 1428 368 τ.
1474 317 1702 368 Ammo
1749 318 2047 371 mmm.
2079 282 2090 293 ’

538 460 598 518 O
626 479 720 519 me
746 459 1057 519 miserum!
1098 481 1136 519 o
1163 460 1488 519 infelicem!
1572 460 1958 521 Revocaretu
1978 482 2072 522 me
2093 484 2154 521 ιιι
2174 464 2442 541 patriam,
2502 509 2510 518 .

462 539 627 610 Milo,
656 540 884 616 potuisti
913 560 1012 616 per
1042 540 1176 597 hos:
1219 560 1328 617 ego
1354 550 1413 597 te
1451 540 1509 597 in
1552 540 1736 616 patria
1782 560 1884 617 per
1912 544 2144 600 eosdem
2192 545 2444 602 retinere

460 640 575 678 non
604 621 837 695 potero?
915 618 1082 681 Quid
1110 619 1465 695 respondebo
1503 618 1700 676 liberis
1739 620 1905 691 meis,
1933 621 2031 696 qui
2058 631 2116 679 te
2142 634 2443 699 parentem

462 699 702 756 alterum
731 700 976 774 putant‘l
1020 698 1157 772 quid
1184 698 1310 768 tibi,
1336 698 1418 759 Q.
1450 698 1642 769 frater,
1671 699 1770 774 qui
1817 719 1975 757 nunc
2003 700 2163 772 abes,
2193 702 2443 759 consorti

395 782 432 835 5
461 796 690 835 mecum
718 787 1035 852 temporum
1067 776 1330 834 illorum?
1372 786 1467 833 m'e
1493 797 1608 835 non
1651 777 1903 853 potuisse
1931 777 2172 837 Milonis
2198 781 2470 838 salutem⁷

459 856 607 914 tueri
644 875 743 931 per
791 856 1042 926 eosdem,
1081 874 1189 945 per
1230 874 1374 930 quos
1418 866 1669 913 nostram
1712 856 1808 915 ille
1849 858 2176 916 servasset?
2263 859 2346 928 At
2385 859 2442 917 in

460 954 574 1010 qua
603 953 779 992 causa
808 953 922 991 non
949 940 1200 1023 potuisse
1223 937 1246 990 ‘l
1290 954 1418 1009 quae
1446 944 1533 992 est
1571 945 1736 1011 grata
1777 936 2060 1012 gentibus.
2147 937 2206 994 A
2234 920 2442 1012 quibus

459 1034 572 1071 non
601 1014 896 1089 potuisse?
940 1013 1053 1069 ab
1042 1012 1130 1082 iis,
1160 1013 1258 1088 qui
1286 1011 1535 1070 maxime
1557 1013 1623 1071 P.
1648 1013 1839 1072 Clodii
1866 1025 2047 1106 morte
2077 1016 2440 1090 acquierunt.

456 1093 599 1154 Quo
625 1093 1016 1167 deprecante?
1056 1110 1167 1149 me.

362 1174 431 1227 10
537 1172 916 1234 Quodname
1018 1169 1256 1246 concepi
1285 1180 1512 1228 tantum
1540 1170 1751 1242 scelus,
1782 1181 1882 1230 aut
1911 1172 2061 1247 quod
2102 1171 2164 1230 in
2193 1191 2292 1230 me
2318 1183 2440 1230 tan-

458 1265 580 1308 tum
610 1249 838 1307 facinus
866 1189 1073 1306 affiisi
1080 1249 1363 1325 ‚judices‚
1392 1268 1527 1307 cum
1557 1248 1654 1306 illa
1683 1249 1903 1308 indicia
1929 1251 2256 1309 communis
2283 1252 2440 1309 exitii

458 1328 749 1405 indagavi,
777 1328 1045 1405 patefeci,
1073 1327 1301 1404 protuli,
1329 1327 1575 1386 exstinxi
1600 1331 1623 1384 2
1704 1327 1972 1387 Omnes
1957 1350 2017 1387 ιιι
2045 1348 2140 1387 me
2168 1348 2440 1405 meosque

458 1409 783 1465 redundant
823 1427 895 1464 ex
937 1408 1090 1465 sonte
1151 1406 1249 1464 illo
1288 1407 1527 1465 dolores.
1623 1406 1790 1467 Quid
1844 1427 1939 1466 me
1991 1408 2273 1466 reducem
2313 1429 2437 1467 esse

457 1486 753 1543 voluistis?
797 1505 868 1543 an
918 1496 1001 1556 ut,
1048 1486 1106 1543 in
1210 1496 1406 1543 ctanoe
1453 1503 1566 1556 me,
1614 1485 2033 1561 expellerentur
2063 1486 2123 1558 ii,
2153 1506 2257 1564 per
2301 1507 2438 1563 quos

359 1564 427 1618 15
457 1583 640 1622 essem
671 1531 1007 1621 restitutus‘l
1149 1564 1305 1634 olite,
1334 1565 1576 1622 obsecro
1602 1583 1722 1634 vos,
1749 1565 1888 1640 pati,
1907 1565 2050 1622 mihi
2080 1567 2438 1625 acerbiorem

456 1643 703 1702 reditum
732 1663 878 1712 esse,
908 1642 1094 1731 quam·
1129 1641 1302 1700 fuerit
1330 1642 1469 1700 ille
1455 1662 1576 1720 ipse
1616 1643 1919 1701 discessus,
2002 1644 2060 1702 N
2066 1663 2158 1707 am
2189 1644 2291 1720 qui
2319 1666 2441 1722 pos-

456 1740 583 1779 sum
610 1733 813 1797 putare
841 1740 933 1778 me
963 1720 1288 1779 restitutum
1330 1741 1477 1794 esse,
1507 1721 1556 1779 si
1602 1721 1886 1781 distrahor
1916 1722 1987 1780 ab
2036 1722 2125 1796 iis,
2153 1744 2258 1800 per
2302 1744 2440 1800 quos

455 1801 752 1859 restitutus
779 1801 950 1856 sum?

535 1877 897 1936 XXXVIII.
980 1877 1217 1936 Utinam
1245 1878 1347 1936 Dii
1389 1878 1738 1937 immortales
1779 1880 2071 1952 fecissent,
2105 1854 2285 1958 (pace
2317 1882 2435 1953 tua,

352 1963 427 2018 20
455 1958 658 2035 patria,
688 1957 962 2015 dixerim.
1007 1968 1201 2017 metuo
1226 1958 1407 2029 enim,
1433 1977 1509 2015 ne
1530 1957 1811 2016 scelerate
1849 1959 2043 2017 dicam
2088 1959 2147 2016 in
2176 1970 2257 2030 te,
2289 1928 2438 2035 quod

452 2058 555 2115 pro
584 2037 803 2095 Milone
832 2037 1024 2094 dicam
1071 2036 1164 2113 pie
1191 2039 1233 2116 :)
1281 2037 1501 2094 utinam
1543 2036 1608 2094 P.
1639 2037 1879 2094 Clodius
1918 2058 2044 2096 non·
2074 2039 2245 2097 modo
2292 2040 2438 2096 vive-

454 2130 561 2188 ret,
590 2119 691 2175 sed
719 2117 893 2184 etiam
921 2126 1143 2192 praetor,
1167 2115 1388 2186 consul,
1417 2115 1681 2186 dictator,
1711 2131 1861 2173 esset
1887 2115 2094 2193 potius,
2122 2116 2301 2191 quam
2331 2119 2438 2176 hoc

454 2198 848 2273 spectaculum
877 2196 1146 2252 viderem.
1227 2194 1286 2251 O
1316 2161 1416 2251 D'ii
1446 2194 1828 2252 immortales!
1874 2196 2096 2267 fortem,
2117 2206 2179 2253 et
2208 2197 2434 2269 avobis,

450 2276 696 2366 judices,
746 2275 1199 2333 conservandum
1244 2274 1462 2331 virum!
1508 2280 1544 2306 “
1566 2271 1837 2345 Minime,
1866 2273 2125 2345 minime,
2129 2276 2164 2302 ''
2212 2275 2433 2366 inquit.

351 2358 424 2411 25
457 2355 533 2388 “
519 2374 694 2412 immo
720 2374 854 2411 vero
882 2372 1083 2429 poenas
1111 2352 1207 2410 ille
1247 2351 1472 2410 debitas
1512 2352 1718 2422 luerit3
1761 2372 1865 2410 nos
1906 2321 2235 2425 subeamus,
2265 2354 2316 2411 si
2358 2355 2435 2414 ita

453 2453 692 2491 necesse
713 2444 819 2504 est,
842 2452 955 2490 non
979 2432 1237 2489 debitas!
1242 2433 1257 2459 ’
1328 2430 1587 2489 Hiccine
1607 2430 1711 2502 vir,
1732 2432 1930 2507 patriae
1947 2442 2136 2502 natus,
2167 2452 2432 2507 usquam,

452 2511 565 2569 nisi
608 2512 665 2569 in
708 2511 913 2587 patria,
955 2511 1272 2569 morietur?
1337 2519 1455 2580 aut,
1485 2510 1532 2567 si
1575 2508 1742 2581 sorte,
1782 2530 1885 2586 pro
1924 2511 2155 2586 patria'l
2242 2511 2435 2587 Hujus

453 2609 551 2648 vos
579 2590 755 2647 animi
797 2599 1168 2648 monumenta
1207 2555 1561 2659 retinebitis;
1605 2589 1856 2664 corporis
1896 2589 1954 2646 in
1998 2589 2168 2646 Italia
2211 2591 2433 2648 nullum

453 2669 787 2745 sepulcrum
819 2689 946 2726 esse
986 2668 1362 2745 patiemini'l·
1437 2667 1616 2725 Hunc
1657 2668 1763 2725 sua
1803 2668 2104 2743 quisquam
2145 2670 2452 2727 sententia-

348 2754 421 2823 30
453 2768 525 2805 ex
552 2748 663 2805 hac
691 2749 833 2805 urbe
880 2748 1143 2823 expellet,
1173 2765 1344 2822 quem
1370 2738 1571 2804 omnfes
1611 2747 1802 2818 urbes,
1827 2746 2128 2823 expulsum
2179 2766 2213 2804 a
2252 2748 2431 2838 vobit-3,

454 2827 525 2883 ad
555 2846 617 2884 se
644 2827 971 2885 vocabunt'l
1052 2826 1109 2883 O
1151 2835 1363 2884 terram
1412 2825 1569 2882 illam
1598 2826 1846 2902 beatam,
1876 2845 2004 2908 quae
2045 2825 2205 2883 hunc
2247 2826 2430 2884 virum

450 2905 775 2982 exceperit!
820 2905 974 2963 hanc
1004 2905 1308 2994 ingratam,
1339 2903 1387 2960 si
1415 2904 1687 2980 ejecerit!
1732 2903 2019 2975 miseram,
2047 2903 2099 2961 si
2141 2904 2450 2964 amiserit!

451 2986 569 3042 Sed
599 2984 729 3042 finis
756 2984 844 3042 sit.
930 2983 1138 3058 Neque
1182 2984 1359 3054 enim,
1386 3002 1503 3060 prae
1530 2984 1820 3059 lacrymis,
1844 2982 1963 3060 jam
1984 2983 2138 3057 loqui
2166 3003 2428 3074 possum;

450 3074 508 3122 et
537 3064 632 3121 hic
661 3083 723 3121 se
760 3062 1034 3139 lacrymis
1076 3061 1306 3120 defendi
1356 3071 1526 3120 vetat.
1609 3064 1730 3120 Vos
1777 3081 1894 3132 om,
1922 3061 2328 3151 obtestorque,
2346 3063 2432 3138 ju·

349 3147 418 3200 35
450 3143 630 3214 dices,
660 3153 741 3215 ut,
772 3143 831 3201 in
852 3141 1153 3200 sententiis
1200 3140 1471 3212 ferendiS‚
1521 3142 1671 3215 quod
1720 3140 1997 3211 sentietis,
2048 3139 2106 3197 id
2150 3141 2423 3199 audeatis.

449 3224 721 3280 Vestram
770 3222 1058 3291 virtutem,
1097 3220 1399 3296 justitiam,
1450 3220 1643 3291 fidem,
1691 3218 1862 3295 (mihi
1904 3218 2150 3297 credite)
2199 3218 2250 3276 is
2278 3238 2407 3277 max

450 3301 565 3360 ime
595 3300 876 3377 probabit,
907 3299 1025 3373 qui,
1056 3299 1116 3357 in
1158 3298 1454 3375 judicibus
1493 3298 1774 3375 legendis,
1801 3298 2076 3412 optimum
2119 3306 2178 3356 et
2205 3300 2404 3381 sapien

447 3381 731 3438 tissimum
761 3390 819 3438 et
847 3377 1213 3437 fortissimum
1243 3396 1529 3471 quemque
1558 3378 1714 3454 legit.
1849 3398 1856 3403 ·
