2667 4242
300 291 418 353 1³6
764 263 773 272 ’
914 291 1189 341 ORATIO
1233 289 1310 339 ῙΝ
1357 289 1433 339 Μ.
1482 288 1891 339 ANTONIUM.

395 443 663 493 oneraret
716 434 937 493 alienis.
1017 434 1176 497 Quis
1227 434 1387 492 enim
1429 452 1620 491 meum
1665 433 1726 490 in
1769 432 1937 490 istius
1990 427 2397 507 gloriosissim'

399 514 540 572 facti
594 514 954 572 conscientia
1007 533 1217 571 nomen
1274 514 1536 573 audivit'l
1596 513 1765 588 cujus
1820 521 2033 581 autem,
2074 510 2173 586 qui
2218 509 2281 566 in
2322 527 2400 564 eo

398 612 642 651 numero
680 593 900 663 fuisset,
941 612 1150 651 nomen
1192 602 1280 649 est
1317 592 1721 650 occultatum?
1788 590 2167 648 Occultatum
2210 589 2350 645 dico
2371 588 2399 619 ‘¹

400 670 568 748 cujus
620 691 735 729 non
776 673 969 729 statim
1024 671 1427 748 divulgatum?
1495 670 1689 728 Citius
1730 670 1992 740 dixerim,
2029 669 2289 745 jactasse
2328 686 2399 724 se

334 755 372 809 5
402 750 642 824 aliquos,
671 762 735 808 ut
776 751 952 809 fuisse
994 750 1052 808 in
1097 750 1206 807 ista
1247 750 1524 808 societate
1565 751 1916 819 viderentur,
1945 748 2044 822 qui
2085 747 2232 805 socii
2274 765 2399 803 non

401 829 664 900 fuissent,
693 828 866 904 quam
895 841 960 888 ut
987 829 1287 905 quisquam
1316 829 1496 887 celari
1525 830 1713 900 vellet,
1742 828 1839 904 qui
1870 828 2084 885 suisset.

478 907 682 969 Quam
726 908 1031 967 verisimile
1071 907 1236 984 porro
1277 919 1387 980 est,
1432 909 1491 967 in
1531 918 1615 966 tot
1657 907 2003 978 hominibus,
2044 905 2255 981 partim
2296 905 2400 962 ob-

401 987 606 1058 scuris,
633 987 842 1064 partim
884 987 1346 1045 adolescentibus
1387 988 1678 1045 neminem
1715 985 2165 1056 occultantibuS,
2194 1002 2398 1040 meum

400 1084 612 1123 nomen
653 1066 832 1124 latere
872 1066 1167 1142 potuisse?
1235 1065 1492 1136 Etenim,
1521 1066 1569 1123 si
1613 1076 1876 1123 auctores
1914 1060 1987 1122 ad
2023 1063 2397 1121 liberandam

302 1153 373 1208 10
401 1145 644 1221 patriam
686 1145 1147 1202 desiderarentur
1190 1142 1303 1201 illis
1346 1144 1697 1214 auctoribus,
1740 1145 1947 1202 Brutos
1986 1163 2094 1220 ego
2138 1142 2400 1218 impelle-

401 1243 546 1294 rem,
588 1243 830 1298 quorum
885 1234 1124 1298 uterque
1178 1222 1245 1280 L.
1290 1222 1456 1280 Bruti
1498 1223 1811 1298 imaginem
1852 1222 2106 1298 quotidie
2149 1222 2399 1291 videret,

404 1302 547 1360 alter
588 1303 764 1361 etiam
806 1302 1055 1359 Ahalae'l
1125 1302 1238 1359 His
1277 1302 1454 1379 igitur
1514 1301 1827 1377 majoribus
1878 1301 2010 1371 orti,
2054 1302 2128 1357 ab
2184 1301 2398 1357 alienis

399 1379 590 1459 potius
644 1381 948 1439 consilium
1000 1391 1280 1456 peterent,
1336 1378 1510 1455 quam
1566 1399 1601 1438 a
1654 1381 1775 1438 suis
1798 1383 1842 1437 Ἰ.
1890 1390 1950 1438 et
2003 1379 2139 1437 soris
2178 1377 2397 1455 potins,

403 1458 577 1535 quam
618 1461 829 1518 domo'l
889 1459 1100 1520 Quid?
1162 1460 1231 1517 C.
1262 1458 1522 1530 Cassius,
1553 1460 1613 1516 in
1654 1459 1725 1517 ea
1768 1458 1986 1517 familia
2028 1469 2219 1529 natus,
2265 1478 2399 1532 quae

304 1541 375 1596 15
402 1558 517 1596 non
546 1536 717 1596 modo
747 1538 1137 1610 dominatum„
1154 1539 1257 1596 sed
1298 1558 1373 1596 ne
1413 1538 1725 1614 potentiam
1764 1539 2018 1613 quidem,
2047 1538 2400 1613 cujusquam

404 1616 552 1675 ferre
603 1617 807 1694 potuit,
850 1636 942 1675 me
998 1628 1292 1676 auctorem
1336 1615 1567 1696 (credo)
1615 1617 1993 1675 desideravit:
2049 1617 2170 1691 qui,
2211 1617 2398 1673 etiam

403 1695 529 1753 sine
570 1696 660 1752 his
701 1695 1036 1754 clarissimis
1077 1697 1230 1768 viris,
1273 1697 1428 1754 hanc
1481 1715 1604 1754 rem
1658 1696 1719 1757 in
1773 1696 2008 1767 Cilicia,
2052 1696 2125 1753 ad
2178 1696 2399 1753 ostium

402 1772 661 1832 fluminis
700 1774 894 1850 Cydni
935 1775 1299 1847 confecisset,
1328 1775 1379 1833 si
1421 1775 1519 1833 ille
1562 1774 1634 1832 ad
1661 1793 1791 1833 eam
1819 1776 2022 1852 ripam,
2051 1793 2227 1848 quam
2258 1794 2374 1833 con

403 1852 687 1925 stituerat,
728 1874 844 1912 non
887 1854 960 1911 ad
1001 1855 1370 1925 contrariam,
1412 1873 1590 1912 naves
1631 1853 1955 1930 appulisset.
2038 1853 2149 1911 Cn.
2193 1852 2385 1911 Domi·

302 1935 376 1989 m
402 1931 548 1989 tium
578 1952 692 1990 non
733 1932 910 2009 patris
947 1934 1230 2005 interituS,
1260 1932 1566 1991 clarissimi
1591 1926 1720 2004 'viri,
1750 1953 1864 1991 non
1906 1932 2178 1990 avunculi
2218 1951 2377 1989 mors

402 2030 520 2090 non
567 2012 830 2088 spoliatio
881 2012 1198 2089 dignitatis,
1248 2013 1320 2070 ad
1377 2012 1832 2088 recuperandam
1884 2012 2233 2082 libertatem,
2290 2018 2391 2068 seo

404 2108 538 2148 mea
579 2092 911 2163 auctoritas,
954 2092 1270 2150 excitavit?
1337 2092 1436 2149 An
1481 2091 1551 2148 C.
1594 2091 1891 2149 Trebonio
1934 2110 2045 2168 ego
2087 2090 2391 2167 persuasit

404 2169 502 2226 cui
543 2189 617 2228 ne
658 2171 901 2228 suadere
942 2171 1176 2245 quidem
1219 2188 1392 2227 ausus
1433 2188 1636 2228 essem.
1716 2169 1859 2231 Quo
1896 2170 2073 2228 etiam
2113 2169 2386 2245 majorem

403 2247 460 2305 ei
500 2250 829 2325 respublica
868 2250 1115 2327 gratiam
1157 2249 1348 2320 debet,
1389 2249 1488 2325 qui
1530 2250 1853 2306 libertatem
1892 2248 2084 2326 populi
2134 2247 2387 2306 Roman·

300 2330 376 2385 25
403 2326 577 2384 unius
645 2328 914 2386 amicitiae
979 2322 1303 2406 praeposuit,
1359 2328 1738 2405 depulsorque
1805 2327 2153 2399 dominatus,
2216 2326 2390 2402 quam

401 2406 708 2482 particeps,
738 2425 866 2464 esse
908 2407 1126 2465 maluit.
1210 2408 1310 2465 An
1353 2407 1420 2464 L.
1452 2407 1667 2465 Tillius
1694 2406 1931 2465 Cimber
1959 2425 2053 2467 me
2082 2416 2170 2465 est
2199 2418 2391 2465 aucto-

368 2546 380 2554 ,
403 2502 527 2541 rem
555 2486 835 2542 secutus?
877 2503 1048 2558 quem
1076 2505 1185 2563 ego
1211 2487 1399 2563 magis
1427 2486 1636 2544 secisse
1677 2485 1835 2544 illam
1874 2504 1997 2562 rem
2038 2505 2167 2543 sum
2212 2486 2393 2544 admi-

402 2571 582 2633 ratuS‚
625 2561 799 2638 quam
854 2562 1143 2622 facturum
1193 2565 1407 2641 putavi.
1491 2565 1832 2623 Admiratus
1884 2583 2024 2622 sum.
2068 2576 2265 2622 autem
2318 2565 2395 2623 ob

374 2644 534 2698 'earn
576 2660 835 2708 causam.
876 2640 1031 2717 quod
1079 2644 1380 2702 immemor
1433 2643 1867 2715 beneficiorum,
1909 2662 2127 2702 memor
2163 2645 2395 2720 patriae,

300 2726 376 2782 30
406 2718 623 2779 fuisset.
703 2720 872 2782 Quid
900 2722 1043 2779 duos
1072 2722 1365 2794 Servilios,
1395 2723 1617 2780 Cascas
1653 2723 1867 2795 dicam,
1897 2741 1971 2780 an
2009 2723 2280 2782 Ahalas?
2334 2733 2397 2781 et

404 2798 508 2856 hos
549 2799 889 2858 auctoritate
944 2801 1074 2858 mea
1115 2820 1320 2859 censes
1360 2801 1640 2860 excitatos
1679 2799 1888 2878 potius,
1929 2800 2105 2876 quarn
2147 2803 2397 2860 caritate

403 2877 781 2953 reipublicae'l
850 2878 1116 2957 Longum
1157 2890 1244 2938 est
1280 2881 1549 2958 persequi
1591 2891 1864 2939 caeteros:
1908 2881 2081 2956 idque
2121 2881 2399 2958 reipubli-

404 2975 490 3014 cae
516 2957 876 3033 praeclarum,
908 2958 1082 3017 fuisse
1110 2969 1229 3016 tam
1257 2960 1498 3030 multos;
1543 2960 1679 3036 ipsis
1705 2960 2029 3037 gloriosum.

392 3044 419 3069 ⁹
482 3035 628 3094 XII.
700 3038 802 3109 At,
829 3037 1312 3113 quemadmodum
1355 3057 1447 3095 me
1489 3039 1815 3115 coarguerit
1852 3041 2022 3097 homo
2048 3049 2279 3112 acutus,
2308 3060 2399 3098 re-

298 3125 375 3181 35
404 3114 740 3174 cordamini.
825 3123 862 3148 “
884 3117 1117 3174 Caesare
1159 3116 1520 3188 interfecto,''
1552 3118 1757 3192 inquit,
1787 3125 1825 3151 “
1846 3118 2041 3176 statim
2082 3129 2396 3177 cruentum

405 3193 519 3252 alte
562 3194 839 3252 extollens
895 3195 978 3252 M.
1022 3196 1234 3253 Brutus
1286 3195 1618 3272 pugionem,
1661 3196 2008 3255 Ciceronem
2048 3192 2398 3255 nominatim

403 3273 767 3343 exclamavit,
799 3284 969 3348 atque
1010 3274 1063 3331 ei
1106 3285 1504 3352 recuperatam
1542 3275 1866 3333 libertatem
1895 3286 1982 3333 est
2008 3277 2393 3352 gratulatu5.'’

403 3351 525 3410 Cur
554 3351 697 3409 mihi
723 3351 1129 3427 potissimum?
1188 3352 1346 3429 quod
1388 3354 1691 3413 sciebam?
1751 3355 1925 3426 Vide,
1954 3374 2030 3412 ne
2071 3354 2173 3412 illa
2214 3375 2398 3414 causa

404 3431 578 3488 filei-it
626 3430 947 3507 appellandi
996 3450 1109 3502 me,
1138 3430 1314 3507 quod,
1358 3431 1494 3490 cum
1542 3453 1665 3492 rem
1709 3435 1988 3511 gessisset·
2027 3433 2396 3492 consimilem
2463 3489 2473 3495 .

301 3516 374 3573 40
403 3511 576 3568 rebus
604 3509 675 3567 iis
702 3528 844 3585 quas
885 3509 1006 3586 ipse
1047 3529 1357 3585 gesseram,
1389 3531 1483 3570 me
1522 3512 1882 3590 potissimum
1922 3522 2164 3570 testatus
2193 3523 2301 3584 est,
2330 3535 2398 3572 se

403 3589 674 3645 aemulum
732 3607 991 3646 mearum
1050 3589 1285 3647 laudum
1335 3592 1638 3650 exstitisse.
1722 3591 1821 3649 Tu
1865 3603 2077 3663 autem,
2128 3593 2395 3650 omnium

402 3667 755 3737 stultissime,
784 3688 899 3725 non
929 3668 1220 3745 intelligis,
1250 3669 1297 3726 si
1342 3670 1421 3741 id,
1452 3672 1601 3745 quod
1644 3690 1736 3728 me
1780 3672 1992 3748 arguiS,
2022 3671 2271 3729 voluisse
2311 3673 2391 3730 in·

401 3744 587 3799 terfici
648 3743 960 3816 Caesarem,
1004 3747 1224 3804 crimen
1286 3748 1396 3817 sit·;
1466 3751 1660 3820 etiam,
1703 3750 1957 3807 laetatum
2018 3769 2145 3807 esse
2209 3762 2397 3809 morte

403 3818 671 3891 Caesaris,
702 3822 921 3880 crimen
963 3826 1133 3882 esse?
1198 3825 1366 3888 Quid
1414 3828 1570 3885 enim
1618 3827 1856 3885 interest
1898 3828 2048 3887 inter
2093 3828 2398 3888 suasorem
