2667 4242
591 317 864 368 onA'rlo
894 318 1048 367 *PRO
1091 288 1176 368 Τ(
1197 307 1428 368 ΑΝΝῙΟ
1473 317 1784 401 ΜιιοΝιις
1818 312 1824 317 ·
2159 322 2276 382 113

196 463 324 520 dem
366 480 495 520 esse
534 462 769 534 factam,
800 461 1041 520 consilio
1079 461 1215 520 vero
1257 461 1490 539 majoris
1530 462 1793 539 alicujus
1877 460 2172 521 Videlicet

195 561 284 598 me
324 542 603 600 latronem
634 560 705 599 ac
730 542 1005 599 sicarium
1036 540 1245 618 abjecti
1274 542 1536 600 homines
1563 553 1621 599 et
1647 542 1854 619 perditi
1883 541 2171 600 describe-

195 621 345 679 bant.
428 620 465 677 J
472 630 644 677 acent
683 620 804 677 suis
843 620 1084 677 testibus
1131 621 1192 692 ii,
1240 621 1341 695 qui
1385 620 1655 679 Clodium
1698 630 1915 697 negant
1960 640 2030 678 eo
2074 612 2171 678 die

195 697 462 770 Romam,
486 699 597 756 nisi
626 700 699 756 de
728 700 884 775 Cyro
910 699 1184 770 aud1sset‚
1208 698 1385 757 fuisse
1405 700 1741 757 rediturum.
1825 699 2168 776 Respiravi:

195 777 465 835 liberatus
506 797 669 834 sum:
730 798 845 835 non
886 795 1104 850 vereor,
1146 797 1240 850 ne,
1282 780 1435 854 quod
1481 798 1556 836 ne
1604 779 1884 855 suspicari
1936 778 2169 854 quidem
2240 780 2278 833 5

193 858 490 932 potuerim,
522 857 718 914 videar
747 857 804 914 id
834 857 1134 933 cogitasse.

182 968 219 1012 0
267 934 447 993 Nunc
486 954 796 1012 persequar
837 945 1078 993 caetera:
1122 955 1257 993 nam
1299 935 1554 994 occurrit
1596 935 1771 993 illud:
1812 926 1887 994 ne
1932 936 2173 994 Clodius

194 1015 418 1089 quidem
462 1015 538 1072 de
579 1014 802 1072 insidiis
843 1015 1134 1091 cogitavit,
1164 1017 1435 1090 quoniam
1465 1015 1613 1073 fuit
1599 1035 1659 1073 ιιι
1689 1016 1919 1073 Albano
1943 1034 2173 1072 mansu-
2219 1058 2334 1077 Ἣ

193 1108 305 1164 ruS,
335 1094 621 1168 siquidem
655 1093 913 1151 exiturus
953 1095 1025 1151 ad
1066 1095 1286 1152 caedem
1314 1114 1349 1152 e
1376 1095 1512 1151 villa
1540 1113 1654 1152 non
1684 1095 1900 1157 fuisset.
1984 1094 2173 1152 Video

194 1172 362 1243 enim,
393 1172 580 1241 illum,
608 1172 706 1247 qui
732 1172 947 1230 ¹dicitur
975 1173 1049 1230 de
1077 1173 1218 1248 Cyri
1247 1183 1436 1230 morte·
1455 1174 1775 1244 nuntiasse,
1797 1192 1911 1230 non
1940 1173 2000 1229 id
2026 1192 2172 1229 nun·
2208 1176 2280 1229 1⁰

193 1251 380 1322 tiasse,
411 1252 516 1308 sed
560 1250 839 1308 Milonem
882 1253 1366 1328 appropinquare:
1409 1270 1544 1309 nam
1572 1252 1708 1327 quid
1738 1252 1811 1309 de
1847 1251 2002 1326 Cyro
2027 1271 2172 1308 nun-

192 1330 374 1400 tiaret,
402 1349 580 1405 quem
622 1330 882 1401 Clodius,
926 1330 1120 1389 Roma
1159 1331 1550 1407 proficiscenS,
1579 1331 1891 1404 reliquerat
1930 1331 2173 1388 morien-

193 1410 379 1466 tem?
430 1409 567 1466 Una
595 1409 711 1466 fiai:
753 1418 1160 1467 testamentum
1202 1409 1372 1466 simul
1413 1409 1712 1486 obsignavi
1753 1428 1887 1467 cum
1928 1410 2170 1468 Clodio·

194 1495 598 1545 testamentum
627 1498 819 1545 autem
845 1487 1033 1564 palam
1079 1488 1313 1559 fecerat,
1346 1498 1404 1546 et
1440 1488 1603 1545 illum
1631 1489 1939 1567 haeredem,
1970 1498 2029 1546 et
2057 1507 2169 1560 me,

195 1567 511 1642 scripserat.
594 1567 796 1628 Quem
837 1567 1021 1642 pridie
1063 1566 1201 1624 hora
1243 1567 1413 1629 tertia
1443 1567 1697 1624 animam
1725 1551 2014 1625 efflantem
2042 1568 2172 1625 reli·
2208 1571 2278 1625 15

194 1646 419 1721 quisset,
463 1664 603 1703 eum
654 1655 951 1705 mortuum
997 1646 1269 1722 postridie
1326 1647 1466 1704 hora
1524 1647 1753 1703 decima
1810 1647 2059 1723 denique
2117 1647 2174 1704 ei

193 1725 612 1782 nuntiabatur?

267 1803 439 1861 XIX.
518 1805 669 1894 Age,
699 1803 773 1860 sit
813 1803 895 1860 ita
936 1803 1189 1861 sactum:
1229 1823 1357 1879 quae
1400 1797 1597 1876 causa,
1628 1823 1733 1862 cur
1769 1804 2021 1862 Romam
2046 1824 2175 1879 pro-

192 1885 451 1957 peraret?
496 1902 604 1940 cur
646 1883 707 1940 in
748 1893 978 1940 noctem
1020 1901 1082 1940 se
1123 1883 1480 1958 conjiceret?
1521 1884 1658 1958 quid
1702 1884 1978 1941 afferebat
2008 1881 2175 1961 [cau-

189 1962 336 2041 sam]
389 1962 820 2019 festinationis?
880 1958 1034 2037 quod
1080 1962 1260 2018 haeres
1301 1963 1478 2020 erat'l
1529 1961 1809 2033 Primum,
1839 1972 1963 2018 erat
2006 1963 2172 2034 nihil,
2208 1973 2281 2028 20

196 2058 292 2098 cur
317 2052 622 2117 properato
646 2060 788 2117 opus
815 2050 1000 2098 esset:
1043 2040 1273 2112 deinde,
1304 2041 1354 2097 si
1394 2040 1532 2116 quid
1575 2051 1744 2111 esset,
1773 2040 1913 2115 quid
1939 2042 2176 2098 tandem

195 2130 329 2190 erat,
357 2121 514 2196 quod
554 2121 626 2178 ea
645 2130 841 2191 nocte
876 2119 1149 2194 consequi
1176 2129 1387 2195 posset,
1419 2119 1707 2177 amitteret
1734 2128 1948 2189 autem,
1953 2118 2025 2174 .si
2051 2139 2177 2195 pos-

196 2198 355 2259 tridie
395 2218 576 2256 mane
620 2195 872 2258 Romam
915 2199 1209 2256 venisset'l
1276 2198 1492 2273 Atque,
1522 2208 1585 2254 ut
1626 2197 1709 2255 illi
1749 2208 2067 2254 nocturnus
2104 2198 2178 2288 ειᾶ

195 2277 402 2336 Urbem
448 2279 733 2336 adventus
759 2277 1027 2334 vitandus
1065 2276 1256 2353 potius
1297 2275 1472 2352 quam
1514 2276 1865 2353 expetendus
1904 2275 2047 2346 suit3
2090 2275 2176 2334 sic

196 2355 416 2430 Miloni,
447 2376 590 2415 cum
620 2358 919 2415 insidiator
947 2366 1116 2428 esset,
1147 2356 1195 2414 si
1227 2356 1388 2414 illum
1419 2356 1490 2413 ad
1533 2355 1749 2414 Urbem
1777 2364 1951 2412 noctu
1983 2373 2177 2414 acces-
2209 2362 2282 2416 25

195 2455 383 2494 surum
410 2436 660 2508 sciebat,
691 2436 1107 2494 subsidendum
1139 2446 1308 2511 atque
1336 2434 1786 2512 exspectandum
1814 2434 1937 2491 fuit.
2019 2434 2176 2494 Noc-

195 2524 274 2586 tu,
302 2516 586 2574 invidioso
626 2526 684 2574 et
722 2516 893 2591 pleno
932 2515 1217 2574 latronum
1261 2515 1321 2572 in
1363 2515 1509 2585 locO,
1537 2514 1879 2572 occidisset:
1922 2533 2092 2573 nemo
2119 2514 2174 2573 ei

196 2597 425 2671 neganti
454 2615 572 2654 non
602 2594 963 2664 credidisset,
993 2613 1165 2671 quem
1193 2613 1320 2651 esse
1347 2611 1549 2652 omnes
1576 2593 1815 2664 salvum,
1838 2594 2014 2652 etiam
2043 2614 2176 2653 con-

197 2671 468 2746 fitentem,
497 2674 712 2732 volunt.
799 2639 1183 2731 Sustinuisset
1224 2673 1334 2731 hoc
1376 2673 1596 2731 crimen
1637 2670 1886 2749 primum
1929 2673 2050 2750 ipse
2077 2674 2175 2731 ille

197 2750 478 2811 latronum
519 2754 840 2811 occultator
885 2763 943 2810 et
989 2763 1308 2830 receptator
1350 2752 1532 2824 locuS‚
1580 2752 1720 2809 dum
1774 2772 1962 2827 neque
2015 2764 2176 2810 muta
2209 2766 2282 2820 30

198 2831 438 2890 solitudo
481 2833 817 2902 indicasset,
860 2851 1048 2906 neque
1096 2850 1254 2890 caeca
1307 2850 1419 2890 nox
1471 2831 1813 2889 ostendisset
1860 2831 2173 2890 Milonem·
2161 2876 2174 2889 .

199 2910 402 2969 deinde
446 2909 527 2969 ibi
569 2911 734 2969 multi
778 2911 851 2970 ab
893 2911 992 2968 illo
1030 2911 1243 2983 violati,
1273 2910 1517 2987 spoliati,
1548 2910 1713 2969 bonis
1740 2910 1979 2987 expulsi,
2011 2910 2176 2967 multi

199 2990 369 3048 etiam
412 2993 541 3048 haec
578 2990 869 3061 timenteS,
899 2989 959 3047 in
989 2991 1371 3066 suspicionem
1414 2991 1725 3059 caderent3
1768 2999 1887 3045 tota
1927 2989 2177 3065 denique

197 3087 293 3126 rea
333 3070 610 3129 citaretur
652 3069 903 3128 Etruria.
988 3070 1180 3145 Atque
1222 3070 1319 3127 illo
1355 3069 1451 3126 die
1479 3067 1660 3138 certe,
1692 3067 1897 3124 Aricia
1926 3067 2173 3137 rediens,

198 3147 424 3207 divertit
453 3149 694 3207 Clodius
725 3147 828 3226 [ad
855 3168 918 3206 se
924 3149 967 3229 ,]
1002 3149 1074 3206 ad
1103 3149 1417 3206 Albanum.
1498 3146 1703 3216 Quod,
1733 3155 1797 3201 ut
1823 3145 1997 3202 sciret
2032 3142 2179 3201 Milo
2211 3150 2284 3205 35

198 3225 355 3287 illum
399 3228 617 3286 Ariciae
646 3229 854 3299 fuisse,
896 3228 1174 3304 suspicari
1215 3238 1411 3284 tamen
1453 3226 1672 3296 debuit,
1715 3242 1870 3295 eum,
1912 3222 2088 3281 etiam
2129 3222 2179 3280 si

199 3302 451 3367 Romam
478 3307 575 3367 illo
601 3307 697 3365 die
725 3307 930 3364 reverti
960 3307 1148 3377 vellet,
1180 3306 1253 3363 ad
1279 3305 1472 3362 villam
1508 3323 1692 3375 suam,
1722 3322 1848 3377 quae
1878 3302 2028 3360 viam
2055 3310 2181 3359 tan-

199 3396 379 3459 geret,
404 3382 782 3444 diversarum.
867 3384 989 3442 Cur
1030 3405 1216 3461 neque
1260 3384 1395 3442 ante
1423 3383 1697 3454 occurrit,
1728 3402 1801 3441 ne
1832 3382 1970 3440 ille
1957 3402 2015 3439 ιιι
2043 3380 2179 3437 villa

198 3462 511 3551 residerem
554 3482 666 3522 nec
702 3484 771 3522 eo
814 3465 874 3522 in
921 3464 1050 3523 loco
1091 3464 1369 3536 subsedit,
1398 3483 1512 3538 quo
1551 3462 1649 3521 ille
1691 3472 1866 3520 noctu
1909 3470 2182 3518 venturus

276 3616 471 3681 Video
511 3622 700 3680 adhuc
742 3632 1004 3680 constare
1045 3623 1258 3693 omnia,
1283 3622 1547 3698 judices:
1592 3619 1800 3677 Miloni
1834 3618 2010 3675 etiam
2038 3582 2181 3675 utile

203 3694 379 3759 fuisse
404 3700 675 3757 Clodium
704 3701 926 3771 vivere3
970 3702 1073 3773 illi,
1106 3702 1177 3759 ad
1219 3721 1290 3759 ea
1328 3719 1455 3776 quae
1485 3699 1875 3774 concupierat,
1904 3695 2184 3771 optatissi-

203 3794 359 3847 mum
388 3776 679 3837 interitum
724 3746 994 3838 Milonis:
1037 3780 1174 3838 odiu
1271 3779 1449 3836 fuisse
1479 3777 1673 3835 illius
1659 3796 1720 3833 ιιι
1749 3776 1907 3832 hunc
1936 3775 2185 3833 acerbis-

204 3854 435 3928 simum,
466 3857 522 3914 in
565 3858 934 3993 illurpolssujus
974 3858 1195 3916 nullum
1274 3855 1752 3915 consuetudinem
1795 3854 1950 3910 illius
1986 3872 2184 3931 perpe-
