2667 4242
353 289 470 348 1⁰4
848 290 1121 341 ORATIO
1164 289 1305 340 PRO
1347 289 1410 341 Τ.
1455 289 1687 340 ANNIO
1728 279 2028 340 MILONE.

451 432 706 505 vidisset,
731 453 897 511 posse
925 433 1140 492 absolvi
1186 453 1343 506 eum,
1376 433 1477 510 qui
1525 433 1832 504 fateretur3
1875 429 2011 493 cum
2057 428 2281 488 videret
2326 449 2435 488 nos
2511 463 2520 471 ·

452 511 640 583 fateri,
668 532 856 588 neque
880 514 1059 589 quaeri
1101 531 1355 588 unquam
1392 512 1674 589 jussisset,
1701 530 1815 570 nec
1859 511 2019 569 vobis
2061 519 2178 566 tam
2220 509 2436 566 saluta-

450 609 572 647 rem
602 592 754 649 hanc
780 592 841 649 in
863 592 1180 668 judicando
1206 592 1452 663 literam,
1481 589 1656 665 quam
1696 590 1856 648 illam
1882 589 2126 658 tristem,
2154 587 2415 645 dedisset

452 667 603 726 Mihi
631 668 765 727 vero
794 670 904 728 Cn.
947 670 1253 746 Pompeius
1290 690 1407 729 non
1446 667 1617 727 modo
1644 669 1788 744 nihil
1818 667 2047 745 gravius
2087 676 2292 724 contra
2319 665 2436 724 Mi·-

377 755 418 810 5
451 747 639 805 Ionem
687 748 1002 824 judicasse,
1055 749 1159 806 sed
1197 749 1375 806 etiam
1426 748 1694 806 statuisse
1747 748 1993 817 videtur,
2047 745 2186 820 quid
2228 765 2331 802 vos
2372 746 2438 803 in

464 825 781 902 judicando
807 838 1067 903 spectare
1105 838 1404 904 oporteret.
1473 826 1532 884 N
1538 845 1652 897 am,
1680 826 1780 901 qui
1807 845 1921 883 non
1950 842 2178 902 poenam
2207 824 2434 882 confes-

450 905 618 977 sioni,
659 906 760 963 sed
800 906 1213 977 defensionem,
1248 904 1434 977 dedit,
1476 905 1526 963 is
1575 923 1813 962 causam
1867 903 2133 961 interitus
2172 921 2435 978 quaeren-

451 984 605 1054 dam,
633 1004 747 1042 non
789 985 1103 1055 interitum,
1130 985 1365 1061 putavit.
1447 984 1484 1041 J
1489 1002 1581 1041 am
1622 983 1765 1041 illud
1804 982 1962 1042 dicet
1988 982 2108 1057 ipse
2147 980 2431 1056 profecto,

453 1063 602 1137 quod
629 1064 733 1120 sua
761 1074 960 1140 sponte
1007 1064 1165 1135 fecit,
1209 1063 1491 1122 Publione
1536 1060 1743 1121 Clodio
1786 1061 2155 1119 tribuendum
2191 1062 2458 1138 putarit,-

350 1144 416 1199 to
453 1159 526 1199 an
554 1143 810 1219 tempori.

440 1262 447 1267 -
528 1220 669 1279 VII.
750 1221 923 1280 Domi
976 1240 1094 1279 suae
1139 1220 1529 1279 nobilissimus
1579 1220 1684 1291 vir,
1739 1217 1973 1276 senatus
2022 1227 2430 1294 propugnator,

451 1310 643 1375 atque,
698 1300 811 1358 illis
862 1300 1095 1374 quidem
1149 1300 1518 1376 temporibuS,
1571 1296 1720 1375 pene
1762 1308 2051 1375 patronuS,
2108 1298 2433 1357 avunculus

451 1379 616 1454 cujus
644 1379 819 1437 nostri
853 1379 1085 1454 judicis,
1117 1378 1406 1437 fortissimi
1448 1378 1576 1448 viri,
1605 1377 1689 1435 M.
1718 1376 1978 1447 CatoniS,
2006 1375 2276 1433 tribunus
2315 1377 2432 1452 ple-

451 1457 541 1514 bis
587 1457 669 1514 M.
720 1457 962 1527 Drusus,
1003 1458 1231 1514 occisus
1270 1467 1375 1515 est.
1458 1456 1622 1514 Nihil
1665 1457 1739 1513 de
1792 1455 1916 1532 ejus
1955 1465 2137 1513 morte
2189 1455 2432 1532 populus
2519 1502 2529 1507 -

351 1534 417 1590 15
452 1535 763 1606 consultae,
805 1534 964 1592 nulla
1010 1536 1249 1609 quaestio
1301 1535 1537 1594 decreta
1591 1554 1626 1593 a
1677 1544 1881 1592 senatu
1935 1543 2038 1592 est.
2119 1533 2431 1596 Quantum

451 1614 672 1670 luctum
700 1614 759 1671 in
788 1614 900 1671 hac
928 1614 1070 1671 urbe
1098 1615 1274 1672 fuisse
1302 1633 1339 1672 a
1364 1615 1572 1672 nostris
1612 1614 1871 1692 patribus
1908 1612 2262 1691 accepimus,
2291 1610 2430 1671 cum

452 1691 516 1749 P.
564 1692 861 1763 Africano,
903 1692 1058 1750 domi
1100 1713 1219 1751 suae
1260 1693 1604 1769 quiescenti,
1658 1692 1757 1750 illa
1809 1702 2093 1750 nocturna
2138 1692 2226 1749 vis
2280 1701 2433 1749 esset

454 1771 651 1828 illata?
720 1771 879 1832 Quis
904 1779 1026 1828 tum
1054 1791 1169 1830 non
1196 1773 1462 1849 gemuit?
1502 1772 1631 1847 quis
1670 1791 1786 1830 non
1815 1771 1952 1829 arsit
1978 1770 2214 1829 dolore'l
2258 1788 2431 1846 quem

454 1850 851 1923 immortalem,
906 1851 956 1908 si
1010 1850 1133 1908 fieri
1175 1861 1383 1927 posset,
1425 1871 1626 1910 omnes
1667 1870 1794 1909 esse
1840 1860 2136 1926 cuperent,
2189 1849 2317 1927 ejus
2357 1868 2431 1907 ne

345 1929 419 1983 20
453 1929 840 1986 necessariam
868 1930 1099 2004 quidem
1128 1940 1517 2006 exspectatam
1546 1950 1673 1990 esse
1699 1940 1939 1988 mortem
1962 1930 1975 1986 !
2025 1927 2118 1985 ”N
2123 1947 2223 1986 um
2255 1929 2430 2004 igitur

453 2007 572 2068 ulla
599 2010 836 2083 quaestio
861 2010 935 2067 de
963 2008 1229 2067 Africani
1257 2020 1441 2068 morte
1485 2011 1603 2068 lata
1645 2010 1771 2068 est'l
1814 2005 1973 2066 certe
2002 2007 2179 2066 nulla.
2259 2007 2426 2068 Quid

364 2104 431 2141 κ
454 2086 574 2145 ita?
616 2089 752 2163 quia
778 2109 892 2147 non
922 2088 1035 2146 alio
1079 2088 1333 2147 facinore
1379 2089 1519 2146 clari
1564 2088 1843 2158 homines,
1889 2087 2002 2145 alio
2037 2085 2292 2157 obscuri,
2333 2106 2431 2144 ne-

453 2177 676 2225 cantur.
758 2167 994 2225 Intersit
1053 2167 1200 2226 inter
1260 2168 1389 2226 vitae
1456 2167 1793 2244 dignitatem
1850 2183 2199 2222 summorum
2259 2175 2448 2240 atque‘

455 2245 811 2303 infimorum:
854 2265 1006 2304 mors
1031 2247 1282 2323 quidem,
1314 2246 1473 2303 illata
1516 2267 1616 2323 per
1657 2244 1867 2316 sceluS,
1917 2245 2121 2302 iisdem
2162 2252 2221 2301 et
2244 2243 2432 2320 poenis

346 2327 418 2380 25
453 2334 715 2381 teneatur
742 2335 800 2381 et
826 2325 1067 2400 legibus,
1149 2325 1283 2383 Nisi
1311 2324 1456 2384 forte
1498 2326 1683 2402 magis
1725 2323 1835 2382 erit
1864 2323 2182 2399 parricida,
2210 2323 2286 2407 sis
2300 2324 2432 2399 quis

453 2402 813 2459 consularem
854 2414 1092 2478 patrem,
1133 2402 1306 2477 quam
1347 2404 1396 2461 si
1437 2405 1565 2479 quis
1607 2404 1902 2475 humilem,
1956 2402 2286 2471 necaverit3
2333 2412 2434 2460 aut

452 2499 524 2538 eo
549 2500 700 2539 mors
717 2482 970 2556 ‚atrocior
999 2482 1107 2540 erit
1134 2483 1197 2547 P.
1228 2483 1440 2554 Clodii,
1469 2482 1623 2558 quod
1654 2484 1701 2541 is
1730 2484 1789 2540 in
1831 2481 2215 2541 monumentis
2257 2481 2433 2558 majo-

452 2578 580 2617 rum
610 2579 841 2618 suorum
868 2560 941 2618 sit
970 2562 1337 2619 interfectus:
1383 2562 1491 2619 hoc
1519 2562 1672 2619 enim
1717 2581 1882 2638 saepe·
1914 2561 1986 2618 ab
2031 2561 2152 2618 istis
2171 2556 2428 2631 dicitur,

448 2639 687 2714 perinde
727 2640 889 2714 quasi
933 2639 1154 2715 Appius
1207 2641 1304 2697 ille
1346 2641 1555 2697 Caecus
1595 2639 1746 2697 viam
1794 2639 2085 2710 munierit,
2139 2659 2254 2696 non
2312 2639 2430 2714 quii

346 2716 417 2770 30
449 2716 688 2793 populus
715 2727 989 2788 uteretur,
1018 2718 1119 2775 sed
1148 2718 1246 2775 ubi
1276 2717 1509 2794 impune
1539 2719 1626 2776 sui
1655 2718 1862 2814 posteri
1892 2717 2388 2776 latrocinarentur.
2433 2716 2439 2720 ’

530 2793 754 2870 Itaque,
784 2796 843 2853 in
871 2796 1072 2854 eadem
1104 2797 1211 2853 ista
1259 2796 1449 2873 Appia
1478 2797 1591 2868 via,
1621 2816 1756 2856 cum
1801 2796 2225 2855 ornatissimum
2269 2797 2431 2870 equi-

449 2881 566 2929 tem
594 2873 927 2931 Romanum
957 2874 1025 2931 Ρ.·
1051 2875 1289 2933 Clodius
1318 2875 1402 2933 M.
1451 2876 1745 2952 Papirium
1791 2876 2119 2955 occidisset,
2164 2895 2279 2934 non
2321 2876 2429 2933 fuit

451 2951 592 3008 illud
622 2952 847 3010 facinus
873 2952 1261 3028 puniendum:
1305 2955 1475 3013 homo
1521 2956 1676 3012 enim
1723 2954 1932 3012 nobilis
1980 2955 2039 3013 in
2067 2954 2187 3011 suis
2228 2973 2429 3012 monu-

449 3031 659 3088 mentis
685 3032 935 3107 equitem
977 3031 1309 3090 Romanum
1350 3034 1681 3091 occiderat:
1722 3053 1881 3091 nunc
1916 3034 2176 3109 ejusdem
2218 3034 2428 3109 Appiae

345 3112 418 3166 35
451 3129 659 3168 nomen
700 3120 944 3185 quantas
982 3111 1294 3187 tragoedias
1347 3111 1593 3170 excitat!
1675 3110 1852 3183 Quae,
1889 3120 2208 3169 ‘cruentata
2231 3118 2430 3170 'antea

450 3190 608 3246 caede
663 3189 885 3247 honesti
931 3200 1099 3265 atque
1140 3190 1465 3248 innocentis
1506 3191 1633 3263 viri,
1677 3190 1971 3260 silebatur,
2012 3191 2218 3248 eadem
2267 3211 2432 3249 nunc

449 3266 654 3324 crebro
684 3277 1007 3344 usurpatur,
1034 3278 1404 3346 posteaquam
1431 3270 1668 3328 latronis
1695 3280 1754 3328 et
1795 3270 2097 3345 parricidae
2140 3270 2430 3347 sanguine
2462 3302 2473 3317 ·

449 3345 671 3403 imbuta
697 3358 799 3404 est.
885 3348 1002 3405 Sed
1030 3347 1165 3425 quid
1193 3367 1303 3424 ego
1332 3348 1429 3406 illa
1457 3350 1880 3407 commemoro?
1961 3349 2432 3426 comprehensam

448 3434 536 3482 est
589 3425 647 3483 in
689 3427 899 3502 templo
951 3426 1207 3484 Castoris
1247 3446 1445 3485 servus
1485 3427 1547 3485 P.
1591 3428 1802 3497 Clodii,
1846 3446 2017 3501 quem
2061 3427 2156 3489 ille
2198 3429 2273 3485 ad
2311 3426 2428 3489 Cn.

345 3498 416 3554 40
450 3503 784 3580 Pompeium
814 3504 1274 3562 interficiendum
1305 3505 1630 3563 collocarat.
1715 3506 1953 3562 Extorta
1996 3515 2083 3563 est
2125 3504 2434 3579 coum

447 3581 572 3639 sica
631 3583 704 3639 de
759 3583 1041 3640 manibus,
1151 3582 1358 3640 Caruit
1412 3584 1530 3641 foro
1581 3595 1776 3662 postea
1830 3585 2168 3659 Pompeius:
2237 3584 2436 3673 ωὲᾙξ

449 3670 686 3716 senatu:
750 3662 935 3717 caruit
981 3661 1249 3735 publico:
1304 3661 1484 3736 janua
1526 3682 1587 3721 se
1637 3683 1705 3720 ac
1761 3663 2096 3739 parietibus,
2143 3682 2264 3723 non
2291 3660 2436 3743 m

326 3736 375 3755 ⁵*
447 3736 642 3811 legum
683 3738 1163 3813 judiciorumque,
1208 3740 1364 3797 texit.
1447 3740 1607 3798 Num
1651 3760 1777 3814 quae
1824 3742 2044 3818 rogatio
2083 3740 2244 3803 lata?
2287 3742 2454 3817 mgni-

449 3832 577 3887 quae
605 3834 750 3872 nova
777 3817 1014 3891 quaestio
1041 3817 1277 3874 decreta
1301 3815 1432 3876 est?
1515 3810 1716 3893 At'qui‚
1744 3820 1792 3877 si
1833 3840 1944 3892 ree,
1986 3820 2034 3878 si
2074 3819 2180 3893 vir,
2205 3820 2262 3887 ‚si
2291 3830 2436 3885 wm-
