2667 4242
744 324 1018 379 ORATIO
1063 323 1139 374 IN
1182 325 1262 373 M.
1307 324 1713 375 ANTONIUM.
2020 328 2033 340 ’
2185 326 2300 386 153

295 462 354 521 Ο
382 483 512 523 mea
541 465 748 524 frustra
775 486 999 542 semper
1028 468 1323 526 verissima
1352 468 1594 544 auguria
1619 486 1812 526 rerum
1842 467 2196 526 futurarum!

218 542 505 601 Dicebam
539 545 649 601 illis
679 546 737 602 in
771 546 1056 621 Capitolio
1100 547 1500 604 liberatoribus
1548 547 1775 617 nostris,
1806 545 1944 604 cum
1988 564 2080 604 me
2128 547 2200 604 ad

216 633 273 681 te
297 623 380 679 ire
403 623 634 693 vellent,
657 634 721 682 ut
749 625 819 680 ad
843 625 1266 682 defendendam
1296 626 1712 700 rempublicam
1741 637 1797 683 te
1828 626 2196 695 adhortarer3

216 701 408 775 quoad
449 712 756 774 metueres,
797 704 994 760 omnia
1033 713 1090 761 te
1132 704 1575 779 promissurum;
1646 704 1815 762 simul
1872 722 1941 761 ac
1997 703 2200 761 timere

216 778 488 849 desisses,
530 780 773 838 similem
814 791 871 838 te
913 781 1165 839 futurum
1209 782 1309 839 tui.
1396 781 1616 857 Itaque,
1650 781 1788 840 cum
1829 780 2022 840 cae‘teri
2065 801 2200 839 con-
2262 790 2298 843 5

215 858 439 916 sulares
466 859 633 928 irent,
663 860 936 930 redirent,
966 860 1025 917 in
1064 860 1354 919 sententia
1381 861 1601 918 mansi:
1644 879 1831 937 neque
1873 871 1930 918 te
1959 860 2056 918 illo
2083 860 2198 932 die,

216 952 408 1011 neque
443 947 689 1012 postem,
718 933 834 996 vidi
853 958 871 1007 ς
912 957 1099 1013 neque
1136 938 1311 996 ullam
1340 939 1675 997 societatem
1716 939 1945 1014 optimis
1976 938 2200 997 civibus

216 1034 353 1089 cum
384 1015 868 1090 importunissimo
895 1017 1058 1075 hoste
1087 1016 1298 1075 foedere
1349 1016 1464 1076 ullo
1491 1017 1818 1075 confirmari
1864 1036 2031 1092 posse
2079 1037 2202 1075 cre-

218 1094 362 1151 didi.
447 1094 584 1152 Post
612 1094 766 1152 diem
792 1096 1025 1153 tertium
1069 1095 1201 1153 veni
1246 1096 1303 1153 in
1336 1096 1520 1153 aedem
1566 1095 1839 1166 TelluriS,
1869 1106 1928 1152 et
1969 1096 2200 1170 quidem

217 1172 454 1248 intritus,
484 1170 621 1230 cum
646 1191 848 1230 omnes
877 1173 1065 1231 aditus
1094 1173 1297 1233 armati
1337 1174 1685 1231 obsiderent.
1765 1174 1892 1235 Qui
1931 1174 2036 1231 tibi
2077 1174 2200 1232 dies
2230 1177 2299 1235 10

216 1250 336 1321 ille,
367 1250 451 1308 M.
483 1251 724 1322 Antoni,
754 1251 905 1308 fuit?
984 1251 1343 1327 Quanquam
1382 1253 1526 1309 mihi
1562 1250 1753 1310 subito
1797 1252 2067 1311 inimicus
2106 1272 2203 1310 ex-

215 1330 433 1399 stitisti,
462 1340 655 1391 tamen
685 1349 776 1387 me
805 1329 886 1391 tui
915 1331 1166 1400 miseret,
1194 1329 1348 1407 quod
1377 1331 1481 1389 tibi
1512 1331 1803 1388 invideris.

298 1407 595 1466 XXXVI.
674 1407 802 1470 Qui
843 1419 906 1466 tu
933 1409 1037 1480 vir,
1070 1408 1198 1486 (Dii
1240 1409 1652 1484 immortalesl)
1696 1420 1754 1468 et
1779 1421 2028 1485 quantus
2068 1409 2204 1467 fuis-

216 1487 408 1558 ses,.si
440 1487 592 1544 illius
618 1487 732 1544 diei
761 1498 1014 1545 mentem
1041 1506 1267 1545 servare
1303 1489 1623 1564 potuisses!
1707 1489 1920 1546 Pacem
1964 1489 2201 1546 habere-

214 1584 368 1636 muS,
396 1585 523 1640 quae
549 1576 672 1623 erat
701 1567 852 1625 facta
892 1586 993 1642 per
1031 1567 1313 1637 obsidem,
1339 1586 1582 1642 puerum
1624 1567 1899 1638 nobilem,
1934 1565 2045 1644 [M.
2077 1568 2200 1626 An·
2229 1569 2299 1625 1⁵

217 1644 362 1702 tonii
406 1645 635 1780 filium,f]
670 1643 751 1702 M.
800 1645 1192 1705 Bambalionis
1235 1656 1519 1721 nepotem.
1600 1646 1955 1721 Quanquam
2002 1657 2061 1704 te
2104 1646 2201 1703 bo-

216 1741 359 1782 num
386 1723 555 1780 timor
616 1724 862 1794 aciebat,
891 1742 1009 1782 non
1053 1723 1359 1783 diuturnus
1401 1725 1671 1801 magister
1718 1725 1931 1795 officii;
1996 1724 2202 1800 impro-

217 1802 359 1863 b'um
386 1802 526 1859 fecit
550 1821 641 1873 ea,
671 1822 818 1879 quaa,
847 1803 986 1859 dum
1015 1802 1182 1860 timor
1212 1803 1393 1874 abest,
1426 1821 1459 1860 a
1485 1814 1542 1860 te
1570 1823 1686 1861 non
1728 1804 1995 1874 discedit,
2027 1804 2200 1861 auda·-

217 1881 341 1946 cia„
418 1881 543 1939 Etsi
573 1892 713 1952 tum,
744 1880 880 1938 cum
908 1882 1188 1957 optimum
1216 1892 1274 1938 te
1316 1883 1597 1956 putabant
1640 1880 1761 1972 <me
1808 1882 2040 1958 quidem
2085 1882 2201 1938 dis-

217 1960 558 2039 sentiente),
588 1960 775 2017 funeri
818 1960 1068 2035 tyranni,
1097 1960 1144 2017 si
1195 1960 1368 2017 funus
1417 1960 1556 2018 illud
1586 1960 1713 2031 fuit,
1758 1958 2196 2018 sceleratissime
2226 1970 2302 2024 20

215 2038 529 2114 praefuisti:
572 2050 672 2096 tua
699 2039 795 2096 illa
825 2039 1068 2115 pulchra
1095 2038 1369 2109 laudatio,
1392 2048 1493 2096 tua
1520 2039 1831 2110 miser-atie,
1861 2048 1962 2096 tua
2002 2040 2200 2096 cohor-

217 2117 376 2174 tatio.
462 2117 580 2187 Tu,
608 2128 691 2187 tu,
722 2118 974 2193 inquam,
1004 2116 1132 2174 illas
1173 2117 1332 2179 faces
1375 2117 1705 2187 incendisti,
1748 2128 1806 2174 et
1847 2135 1966 2186 eas,
1993 2118 2202 2191 quibus

217 2196 650 2253 semiustulatus
679 2196 775 2253 ille
788 2205 910 2266 est,
936 2205 996 2253 et
1035 2214 1156 2266 eas,
1184 2195 1394 2271 quibus
1435 2197 1677 2252 incensa
1717 2195 1785 2252 L.
1818 2195 2065 2253 Bellieni
2104 2195 2203 2252 do-

219 2293 349 2331 mus
390 2274 740 2350 deflagravit.
824 2266 925 2332 Tu
954 2275 1078 2331 illos
1114 2275 1362 2350 impetus
1388 2273 1739 2365 peditur-um
1772 2273 2091 2344 hominum,
2119 2284 2200 2345 et,

218 2372 293 2410 ex
319 2353 571 2411 maxima
598 2363 779 2428 parte,
807 2372 1120 2424 servorum,
1149 2360 1291 2429 q‘uos
1320 2371 1426 2410 nos
1454 2352 1509 2410 vi
1537 2371 1825 2428 manuque
1865 2353 2199 2429 repulimus,
2227 2352 2302 2409 25
2341 2382 2352 2389 ·

219 2432 279 2493 in
310 2443 534 2489 nostras
560 2433 758 2490 domos
787 2432 1090 2489 immisisti.

302 2510 467 2567 Idem
509 2521 727 2582 tamen,
769 2511 934 2587 quasi
989 2510 1232 2587 fuligine
1281 2508 1558 2581 abstersa,
1598 2509 1830 2585 reliquis
1882 2510 2085 2567 diebus
2139 2511 2200 2569 in

219 2589 511 2665 Capitolio
535 2589 1362 2670 praeclarasenatiis-consulta
1402 2588 1611 2659 fecisti,
1642 2607 1713 2645 ne
1754 2608 1867 2664 qua
1892 2599 2020 2665 post
2061 2589 2202 2647 [dus

220 2667 465 2725 Martias
506 2668 885 2726 immunitatis
923 2668 1140 2739 tabula,
1170 2687 1314 2724 neve
1357 2666 1693 2744 cujusquam
1738 2668 2026 2738 beneficii,
2065 2668 2203 2745 fige-

217 2756 395 2804 retur.
480 2746 796 2807 Meministi
845 2747 987 2822 ipse,
1031 2746 1104 2804 de
1145 2746 1459 2815 exsulibus,
1508 2746 1645 2816 scis,
1693 2747 1767 2804 de
1816 2747 2198 2818 immunitate,
2226 2745 2301 2800 30

216 2825 355 2900 quid
386 2825 615 2883 dixeris.
697 2825 997 2901 Optimum
1028 2823 1181 2896 vero,
1209 2823 1365 2900 quod
1394 2825 1694 2883 dictaturas
1736 2844 1944 2883 nomen
1976 2826 2035 2882 in
2077 2845 2201 2901 per-

215 2915 457 2979 petuum
500 2904 571 2960 de
611 2903 910 2979 republica
951 2903 1246 2961 sustulisti.
1328 2902 1471 2965 Quo
1510 2904 1740 2979 quidem
1784 2903 1937 2962 sacto
1975 2915 2201 2963 tantum

216 2994 277 3040 te
316 2982 544 3057 cepisse
580 2983 781 3039 odium
820 2982 985 3058 regni
1028 2981 1350 3051 videbatur,
1392 2992 1455 3039 ut
1494 2982 1619 3059 ejus
1678 3000 1932 3050 omnem,
1971 2993 2199 3057 propter

216 3061 538 3135 proximum
568 3060 931 3130 dictatorem,
959 3060 1187 3117 tolleres
1215 3070 1449 3117 metum.

296 3139 632 3197 Constituta
661 3139 985 3215 respublica
1005 3138 1304 3195 videbatur
1336 3131 1483 3208 aliie,
1507 3137 1648 3194 mihi
1676 3133 1811 3193 vero
1830 3135 1988 3192 nullo
2011 3136 2199 3203 modo,
2228 3146 2302 3200 35

215 3219 315 3295 qui
355 3217 572 3287 omnia,
603 3230 660 3275 te
701 3218 1081 3294 gubernante,
1123 3216 1426 3292 naufragia
1480 3215 1824 3274 metuebam.
1909 3213 2065 3271 Num
2109 3232 2202 3271 me

218 3298 397 3374 igitur
437 3296 687 3354 fefellit?
731 3304 828 3353 aut
869 3313 1008 3353 num
1050 3294 1266 3352 diutius
1307 3294 1399 3351 sui
1450 3294 1634 3369 potuit
1687 3290 1813 3350 esse
1866 3292 2201 3350 dissimilis?

215 3374 690 3452 Inspectantibus
731 3373 909 3442 vobis,
951 3383 1069 3431 toto
1110 3373 1398 3449 Capitolio
1439 3372 1649 3429 tabulae
1688 3372 2048 3448 figebantur:
2104 3390 2203 3427 ne-

213 3474 327 3531 que
355 3451 543 3510 solum
582 3452 824 3528 singulis
865 3451 1138 3509 venibant
1181 3451 1591 3520 immunitates,
1619 3451 1719 3507 sed
1761 3451 1935 3508 etiam
1976 3449 2201 3524 populis

214 3531 520 3590 universis.
604 3531 824 3588 Civitas
853 3549 967 3587 non
1004 3530 1123 3605 jam
1166 3529 1521 3605 singillatim,
1551 3529 1653 3585 sed
1696 3528 2004 3602 provinciis
2045 3528 2198 3599 totis,
2228 3536 2300 3591 4ο

116 3645 126 3653 ·
214 3613 480 3669 dabatur.
569 3609 793 3685 Itaque,
823 3609 871 3666 si
901 3610 1027 3665 haec
1056 3619 1293 3665 manent
1323 3608 1478 3682 (quae
1518 3617 1707 3664 stante
1748 3606 2064 3682 republica
2086 3625 2202 3662 ma-

215 3709 360 3748 nere
402 3709 518 3747 non
563 3689 849 3767 possunt),
892 3687 1219 3769 prov-incias
1260 3686 1577 3752 universas,
1619 3684 1820 3763 Patres
1848 3684 2195 3760 Conscripti,

212 3768 584 3846 perdidistis:
629 3786 814 3842 neque
843 3766 1148 3841 vectigalia
1175 3765 1382 3832 solum,
1413 3763 1512 3819 sed
1544 3762 1716 3818 etiam
1762 3763 2061 3838 imperium
2104 3783 2203 3841 po-

213 3849 334 3926 puli
362 3846 641 3918 Romani,
671 3844 841 3922 hujus
868 3843 1200 3903 domesticis
1228 3841 1507 3900 nundinis
1533 3840 1893 3899 deminutum
1921 3852 2024 3901 est.
