2667 4242
342 304 429 369 οε
902 307 1176 359 οιυιτιο
1219 306 1362 357 rao
1383 265 1687 361 Ἀιιοιιιᾼ
1731 304 1986 356 ros'rA.

449 458 706 527 cuperet,
747 461 813 508 ut
863 450 1041 509 etiam
1094 450 1383 509 Cordubae
1435 449 1588 508 natis
1638 450 1844 526 poetis,
1884 450 2101 526 pingue
2153 448 2438 525 quiddam

449 529 787 588 sonantibus
816 540 985 605 atque
1012 530 1401 619 peregrinum,
1429 540 1624 587 tamen
1653 547 1821 586 aures
1848 548 1981 586 suas
2007 529 2318 589 dederet.-

528 607 642 666 XI.
712 607 920 684 Neque
960 608 1118 665 enim
1157 619 1245 666 est
1284 609 1394 671 hoc
1429 608 1929 678 dissimulandum,
1956 608 2107 682 quod
2132 608 2441 665 obscuram

450 703 566 744 non
592 696 796 763 potest,
824 688 926 744 sed
967 707 1081 763 prae
1121 688 1288 745 nobis
1328 684 1668 745 ferendum:
1710 688 1989 744 trahimur
2014 705 2220 744 omnes
2246 686 2443 743 laudis

379 767 419 823 5
452 766 672 835 studi03
714 777 773 823 et
797 766 1045 842 optimus
1071 766 1312 841 quisque
1352 763 1603 823 maxime
1645 764 1828 842 gloria
1855 765 2103 823 ducitur.
2189 765 2314 842 Ipsi
2357 765 2441 822 illi

449 843 788 920 philosophi,
829 844 1007 902 etiam
1048 844 1161 901 illis
1201 844 1432 915 libellis,
1472 863 1616 920 quos
1655 844 1730 902 de
1769 843 2198 902 contemnenda
2251 844 2441 920 gloria

451 921 730 994 scribunt,
771 942 981 981 nomen
1022 941 1191 980 suum
1232 923 1593 981 inscribunt:
1649 923 1710 980 in
1749 942 1819 981 eo
1859 923 1998 999 ips0‚
2040 921 2101 980 in
2142 942 2260 997 quo
2300 942 2442 998 prae-

453 999 803 1059 dicationem
862 1002 1333 1076 nobilitatemque
1387 1001 1733 1078 despiciunt,
1773 1002 2074 1078 praedicari
2121 1002 2197 1060 de
2238 1021 2326 1070 se,
2371 1021 2441 1059 ac

452 1078 737 1138 nominari
776 1080 988 1138 volunt.
1071 1080 1354 1153 Decimus
1392 1081 1625 1170 quidem
1667 1081 1899 1151 Brutus,
1926 1094 2188 1138 summus
2225 1080 2328 1138 ille
2357 1081 2438 1137 vir

351 1154 421 1211 10
455 1168 513 1215 et
540 1157 864 1234 imperator,
894 1159 1063 1230 Attii,
1095 1159 1429 1217 amicissimi
1457 1159 1568 1229 sui,
1597 1160 1951 1217 carminibus
1991 1159 2340 1235 templorum
2370 1178 2440 1217 ac

453 1248 949 1297 monumentorum
980 1205 1169 1296 aditus
1196 1239 1489 1296 exornavit
1527 1257 1777 1295 suorum.
1859 1238 1896 1294 J
1902 1257 1994 1294 am
2021 1237 2155 1296 vero
2189 1238 2309 1309 ille,
2341 1237 2437 1312 qui

456 1334 593 1373 cum
633 1316 862 1387 AEtolis‚
906 1316 1097 1374 Ennio
1136 1317 1368 1387 comite,
1411 1316 1662 1388 bellavit,
1693 1316 1952 1393 FulvinS,
1993 1336 2108 1375 non
2148 1317 2439 1375 dubitavit

456 1392 664 1453 Martis
715 1396 1019 1454 manubias
1072 1395 1260 1452 Musis
1313 1414 1670 1455 consecrare.
1751 1382 1977 1466 Quare,
2019 1396 2080 1453 in
2119 1414 2239 1469 qua
2295 1397 2437 1454 urbe

252 1532 269 1543 ἣ
456 1472 824 1548 imperatores
862 1473 1035 1563 propt}
1081 1475 1283 1532 armati
1323 1479 1625 1551 poetarum
1665 1486 1874 1533 nomen
1907 1485 1965 1532 et
2004 1473 2314 1531 Musarum
2343 1475 2438 1532 de-

352 1554 422 1608 15
455 1550 622 1609 lubra
661 1552 982 1622 coluerunt,
1011 1553 1071 1611 in
1098 1571 1171 1610 ea
1198 1574 1313 1612 non
1341 1554 1555 1612 debent
1593 1553 1774 1630 togati
1808 1553 2037 1630 judices
2064 1571 2100 1611 a
2128 1552 2436 1611 Musarum

455 1630 671 1689 honore
696 1642 755 1688 et
782 1650 817 1687 a
831 1636 1142 1707 poetarum
1169 1632 1356 1691 salute
1383 1633 1707 1690 abhorrere.

532 1709 750 1784 Atque,
780 1719 843 1767 ut
870 1710 928 1767 id
955 1709 1232 1768 libentius
1259 1710 1549 1781 faciatis,
1527 1729 1649 1786 Jam
1690 1729 1786 1768 me
1810 1711 1987 1782 vobis,
2010 1710 2260 1787 judices,
2291 1710 2436 1769 in'di-

457 1788 636 1858 cabo;
678 1799 736 1846 et
762 1789 836 1846 de
864 1807 993 1847 meo
1032 1790 1279 1864 quodam
1320 1808 1514 1847 amore
1553 1790 1768 1866 glorias,
1797 1790 1970 1847 nimis
2010 1790 2131 1847 acri
2174 1789 2433 1860 fortasse,

457 1878 831 1925 veruntamen
861 1868 1116 1938 honesto,
1146 1869 1307 1926 vobis
1333 1868 1663 1926 confitebor.
1725 1867 1924 1940 'Nam,
1953 1888 2095 1944 quas
2121 1888 2216 1926 res
2244 1888 2351 1926 nos
2377 1868 2436 1925 in

350 1949 427 2006 m
460 1946 760 2004 consulatu
786 1956 978 2004 nostro
1005 1947 1299 2006 vobiscum
1326 1947 1517 2018 simul,
1544 1967 1646 2024 pro
1669 1947 1855 2005 salute
1883 1948 2051 2024 hujus
2077 1947 2240 2004 urbis
2268 1956 2435 2023 atque

459 2025 704 2102 imperii,
733 2036 792 2083 et
799 2045 918 2116 ‘pro
943 2025 1061 2082 vita
1101 2025 1336 2097 civium,
1364 2045 1577 2102 proque
1619 2026 1885 2083 universa
1924 2025 2230 2103 republica
2263 2025 2436 2103 gessi-

460 2123 610 2176 mus,
653 2105 841 2182 attigit
882 2105 979 2163 hic
1020 2104 1297 2177 versibus,
1341 2114 1511 2181 atque
1554 2104 1878 2163 inchoavit:
1939 2105 2148 2180 quibus
2204 2104 2433 2176 auditis,

459 2182 615 2260 qudd
642 2185 785 2243 mihi
812 2203 1025 2262 magna
1051 2203 1143 2242 res
1170 2193 1228 2241 et
1263 2183 1525 2259 jucunda
1552 2185 1674 2241 visa
1712 2195 1818 2255 est,
1848 2185 2004 2242 hunc
2035 2183 2109 2241 ad
2135 2183 2437 2260 perficien-

461 2265 598 2321 dum
639 2266 895 2323 hortatus
936 2282 1080 2320 sum.
1165 2262 1402 2320 Nullam
1451 2264 1605 2320 enim
1648 2264 1826 2321 virtus
1879 2263 2051 2320 aliam
2106 2264 2434 2320 mercedem

353 2344 425 2398 25
460 2343 720 2400 laborum
771 2343 1270 2419 periculorumque
1314 2342 1626 2412 desiderat,
1673 2352 1902 2418 praeter·
1931 2343 2083 2400 hanc
2136 2341 2329 2400 laudis
2382 2352 2437 2399 et

458 2422 692 2496 gloriae:
734 2422 848 2495 qua
876 2421 1109 2495 quidem
1137 2420 1419 2491 detracta,
1441 2420 1855 2496 judices,'quid
1896 2433 2001 2492 est,
2029 2422 2182 2496 quod
2225 2421 2287 2478 in
2330 2422 2436 2478 hoc

460 2510 579 2556 tam
619 2499 828 2574 exiguo
864 2498 995 2556 v'itae
1035 2499 1346 2570 curriculo,
1374 2509 1433 2556 et
1458 2509 1576 2556 tam
1605 2500 1782 2571 brevi,
1810 2500 1986 2556 tantis
2011 2519 2115 2557 nos
2144 2499 2204 2557 in
2234 2500 2436 2558 labori·

461 2577 569 2633 bus
595 2595 966 2634 exerceamus
988 2580 1011 2633 'l
1659 2614 1663 2618 Δ

539 2653 736 2725 Certe,
764 2656 812 2712 si
853 2656 996 2713 nihil
1039 2656 1265 2714 animus
1303 2657 1660 2747 praesentiret
1686 2657 1746 2715 in
1768 2666 2080 2733 posterum,
2108 2665 2187 2728 et,
2218 2657 2290 2728 si,
2318 2656 2437 2732 qui·

352 2736 426 2792 30
459 2734 569 2792 bus
626 2700 956 2811 regionibus
1010 2735 1140 2792 vitae
1196 2736 1443 2811 spatium
1503 2736 2002 2826 circumscriptum
2058 2745 2166 2806 est,
2215 2737 2433 2794 eisdem

459 2832 659 2871 omnes
698 2813 1074 2890 cogitationes
1113 2814 1448 2872 terminaret
1487 2834 1658 2885 suas3
1701 2834 1812 2873 nec
1852 2814 2027 2872 tantis
2054 2834 2115 2872 se
2142 2781 2437 2873 laboribus

421 2892 768 2969 frangeret,
797 2911 984 2967 neque
1024 2901 1106 2950 tot
1147 2892 1302 2950 curis
1328 2876 1655 2969 vigiliisque
1697 2905 2021 2970 angeretur,
2051 2913 2244 2968 neque
2272 2895 2439 2952 toties

461 2971 534 3030 de
575 2972 690 3029 vita
751 2971 874 3048 ipsa
933 2971 1252 3029 dimicaret.
1336 2970 1515 3029 Nunc
1571 2973 1781 3030 insidet
1820 2974 2083 3048 quaedam
2125 2972 2185 3030 in
2226 2973 2441 3049 optimo

461 3068 687 3141 quoque
714 3051 910 3140 virtuS‚
928 3068 1054 3125 quae
1083 3060 1280 3108 noctes
1306 3060 1366 3107 et
1386 3050 1511 3107 dies
1532 3052 1788 3108 animum
1815 3051 2008 3128 gloriae
2036 3051 2289 3109 stimulis
2310 3071 2441 3110 con-

354 3136 426 3192 35
462 3121 622 3202 citat,
652 3141 822 3205 atque
835 3118 1138 3200 admonet,
1157 3149 1270 3188 non
1292 3148 1428 3186 cum
1449 3129 1578 3186 vitae
1599 3139 1853 3205 tempore
1880 3149 2008 3187 esse
2034 3130 2438 3188 dimittendam

463 3208 1061 3267 commemorationem
1101 3208 1351 3267 nominis
1390 3208 1587 3279 nostri,
1616 3208 1720 3266 sed
1760 3228 1895 3266 cum
1923 3208 2079 3266 omni
2106 3210 2440 3284 posteritate

462 3280 893 3362 adaequandam.
1352 3311 1385 3321 -.
1553 3312 1562 3320 ·
1708 3310 1717 3325 ι

538 3364 845 3427 X11.An
885 3361 1020 3422 verb
1061 3373 1180 3421 tam
1218 3366 1379 3440 parvi
1409 3364 1587 3425 animi
1613 3365 1911 3423 videamur
1938 3384 2064 3435 esse
2090 3384 2318 3437 omnes,
2344 3365 2440 3442 qui

461 3445 522 3503 in
549 3443 866 3539 republica,
897 3453 1066 3517 atque
1107 3443 1168 3499 ιιι
1209 3443 1297 3499 his
1340 3443 1469 3501 vitae
1507 3444 1781 3520 periculis
1821 3427 2228 3518 laboribusque
2257 3463 2443 3505 versa-

310 3524 318 3530 '
355 3530 427 3584 40
460 3541 608 3593 mur,
628 3532 709 3591 ut,
729 3541 886 3593 cum,
906 3520 1177 3611 usquead
1198 3532 1516 3579 extremum
1538 3522 1803 3598 spatium,
1825 3524 2046 3595 nullum
2066 3523 2442 3615 tranquillum

351 3612 381 3648 -·
461 3611 633 3675 atque
671 3601 915 3658 otiosum
956 3593 1215 3676 spiritum
1256 3600 1608 3672 duxerimus»,
1638 3603 1938 3659 nobiscum
1967 3602 2132 3660 simul
2165 3603 2442 3673 moritur!

458 3679 655 3736 omnia
715 3679 1100 3736 arbitremur?
1131 3658 1155 3776 l
1182 3679 1300 3749 An,
1357 3697 1525 3736 cum
1560 3668 1779 3737 statuas
1839 3692 1897 3738 et
1957 3682 2266 3757 imagines,
2327 3696 2440 3741 not

463 3755 782 3849 animorum
835 3756 1164 3823 simulacra,
1207 3724 1309 3814 sed
1366 3774 1684 3832 corporum,
1726 3750 1980 3817 studiose
2024 3758 2189 3831 multi
2231 3758 2443 3819 summi
