2667 4242
705 254 980 329 omno
1024 277 1094 327 11.
1144 277 1222 329 m
1268 278 1329 328 ι..
1376 278 1804 329 cAanAM.
2269 280 2348 338 ις

277 419 459 479 Nunc
484 418 622 479 vero
650 419 822 498 quim
868 421 1083 494 subito,
1110 442 1226 481 non
1267 421 1455 481 solum
1497 442 1570 481 ex
1615 421 1792 495 Urbe,
1822 419 2022 479 verum
2067 421 2276 481 etiam'

279 519 350 557 ex
371 501 544 577 agris,
567 501 862 577 ingentem
880 520 1184 559 numerum
1203 502 1552 578 perditorum
1576 503 1873 559 hominum
1894 501 2240 578 collegerat!

279 578 490 649 Nemo,
521 599 633 636 non
662 578 830 638 modo
862 580 1088 646 Romae,
1118 580 1219 638 sed
1247 600 1358 638 nec
1386 581 1503 639 ullo
1523 582 1581 638 in
1606 581 1817 658 angulo
1834 581 2008 639 totius
2036 579 2242 653 Italiae,

201 711 208 716 .
278 677 580 733 oppressus
607 677 720 716 aere
750 658 938 717 alieno
966 660 1092 731 fuit,
1120 679 1294 736 quem
1329 679 1446 718 non
1472 660 1548 718 ad
1595 661 1705 718 hoc
1753 659 2094 718 incredibile
2121 679 2244 717 sce-

282 737 417 794 leris
445 737 631 793 {indus
659 738 980 795 adsciverit.
2269 742 2308 793 ³

363 816 433 873 V.
479 817 692 891 Atque,
725 827 787 873 ut
812 819 935 893 ejus
964 818 1191 875 diversa
1218 819 1410 876 studia
1437 818 1496 876 in
1546 817 1809 876 dissimili
1857 817 2080 875 ratione
2117 836 2245 894 per·

246 948 254 957 ,
280 894 515 970 spicere·
530 895 786 970 possitis;
830 915 999 954 nemo
1024 908 1112 955 est
1142 898 1358 955 inludo
1374 896 1712 973 gladiatorio
1730 895 1901 973 paulo
1926 897 1996 953 ad
2017 896 2245 953 facinus
2285 926 2316 941 ·-

195 1018 203 1023 .
282 974 577 1051 audacior,
607 974 702 1047 qui
734 993 795 1031 se
823 995 935 1033 non
965 977 1232 1033 intimum
1274 976 1544 1033 Catilinae
1572 995 1699 1034 esse
1747 976 2028 1045 fateatur3
2072 993 2245 1033 nemo

244 1110 249 1115 ,
282 1051 344 1112 in
373 1053 551 1109 scena
581 1053 754 1109 levior
781 1064 840 1110 et
866 1055 1123 1130 nequior,
1152 1055 1248 1130 qui
1279 1075 1343 1112 se
1367 1052 1483 1112 non
1513 1055 1772 1131 ejusdem,
1789 1052 1964 1131 prope
1986 1054 2242 1112 sodalem

221 1174 233 1184 .
284 1130 463 1187 fuisse
491 1142 914 1190 commemoret.
999 1134 1192 1208 Atque
1222 1134 1374 1191 idem
1413 1144 1627 1205 tamen,
1656 1143 1976 1209 stuprorum
2023 1142 2081 1190 et
2120 1151 2243 1190 sce-
2272 1139 2340 1191 10

126 1238 130 1243 ·
186 1261 192 1267 .
283 1209 470 1265 lerum
499 1209 909 1268 exercitatione
943 1212 1325 1283 assuefactus,
1353 1213 1580 1289 frigore,
1608 1221 1667 1269 et
1708 1212 1878 1282 fame,
1908 1220 1966 1268 et
2012 1210 2127 1281 siti,
2171 1229 2242 1269 ac

284 1287 497 1363 vigiliis
514 1288 884 1363 perferendiS,
909 1290 1067 1348 fortis
1090 1291 1162 1348 ab
1184 1291 1306 1347 istis
1325 1291 1766 1367 praedicabatur,
1789 1287 1923 1347 cum
1948 1289 2241 1347 industriae

283 1366 561 1436 subsidia,
593 1377 762 1441 atque
790 1369 1170 1427 instrumenta
1214 1370 1457 1441 virtutis,
1487 1370 1547 1428 in
1595 1369 1838 1427 libidine
1882 1368 2241 1443 audaciaque

285 1456 776 1514 consumerentur.
1753 1504 1766 1514 ,

363 1523 543 1581 Hunc
571 1522 705 1582 vero
734 1524 781 1583 si
811 1524 899 1583 sui
931 1526 1141 1585 fuerint
1168 1528 1408 1585 comites
1435 1527 1654 1597 secuti3
1697 1527 1748 1585 si
1794 1546 1866 1585 ex
1892 1525 2050 1584 Urbe
2090 1524 2241 1583 exie-
2273 1530 2339 1585 15

282 1602 398 1660 rint
425 1603 850 1679 desperatorum
880 1606 1174 1665 hominum
1203 1606 1470 1683 flagitiosi
1500 1625 1742 1685 greges;
1784 1626 1821 1664 o
1861 1624 1966 1664 nos
2004 1604 2236 1662 beatos!

281 1701 320 1738 o
346 1681 757 1757 rempublicam
788 1685 1163 1743 fortunatam!
1194 1706 1231 1744 o
1256 1687 1590 1762 praeclaram
1639 1685 1870 1743 laudem
1908 1682 2241 1742 consulatus

283 1761 430 1817 mei!
475 1759 609 1818 Non
637 1761 792 1819 enim
817 1761 934 1839 jam
962 1776 1097 1822 sunt
1125 1766 1446 1823 mediocres
1480 1764 1776 1823 hominum
1803 1763 2094 1833 libidines,
2126 1782 2240 1820 non

285 1839 550 1897 humanae
581 1858 652 1898 ac
678 1841 988 1899 tolerandae
1034 1844 1293 1903 audaciae
1314 1864 1327 1876 ·
1371 1844 1515 1901 nihil
1563 1844 1840 1921 cogitant,
1869 1842 1981 1900 nisi
2029 1842 2239 1911 caedes,
2313 1912 2320 1919 ο

283 1919 394 1977 nisi
452 1919 742 1990 incendia,
798 1921 910 1978 nisi
964 1922 1195 1997 rapinas
1294 1920 1647 1981 Patrimonia
1687 1941 1793 1980 sua
1830 1921 2235 1998 profuderunt*
2267 1924 2341 1977 20

286 1996 540 2054 fortunas
561 2017 694 2054 suas
748 1999 1159 2076 bligurrierunt
1222 2021 1313 2058 res
1332 2021 1432 2058 eos
1444 2001 1804 2078 jampridem,
1827 2001 1971 2057 fides
1991 1999 2239 2061 deficere

284 2094 467 2151 nuper
496 2077 672 2152 coepit
690 2018 950 2185 :jeadem
978 2089 1174 2137 tamen
1204 2079 1321 2149 illa,
1341 2099 1469 2154 quae
1492 2089 1616 2138 erat
1636 2079 1697 2136 in
1720 2078 2093 2149 abundantia,
2116 2068 2242 2134 libi-

285 2155 362 2212 do
384 2167 699 2229 permanet.
781 2155 965 2218 Quod
993 2157 1041 2214 si
1071 2158 1130 2215 in
1160 2158 1293 2216 vino
1339 2168 1397 2214 et
1445 2158 1571 2215 alea
1599 2157 2031 2215 comissationes
2058 2155 2240 2213 solum

289 2243 349 2289 et
376 2243 567 2290 scorta
592 2244 945 2308 quaererent;
987 2247 1180 2294 essent
1221 2236 1302 2294 illi
1344 2235 1576 2311 quidem
1604 2235 1979 2312 desperandi3
2021 2235 2122 2292 sed
2163 2250 2245 2290 ta-

289 2329 425 2367 men
479 2321 671 2368 essent
725 2312 960 2371 ferendi.
1044 2315 1179 2374 Hoc
1229 2313 1366 2373 vero
1420 2315 1550 2390 quis
1595 2315 1743 2374 serre
1793 2313 1988 2391 possit,
2029 2313 2242 2370 inertes
2268 2315 2340 2370 25

289 2390 551 2447 homines
580 2390 899 2450 fortissimis
926 2394 1060 2465 yiris
1082 2393 1361 2465 insidiari,
1376 2392 1753 2453 stultissimos
1763 2392 2239 2470 prudentissimi3‚

287 2468 541 2526 ebriosos
559 2471 781 2542 sobriiS,
811 2472 1159 2531 dormientes
1179 2472 1590 2550 vigilantibus?
1629 2473 1748 2548 qui,
1767 2471 1930 2541 mihi,
1956 2472 2243 2529 accuban-

285 2559 374 2604 tes
403 2548 459 2604 in
490 2549 784 2621 conviviis,
815 2552 1091 2627 complexi
1123 2552 1395 2610 mulieres
1422 2551 1761 2628 impudicas,
1789 2550 1924 2608 vino
1959 2550 2240 2628 languidi,

284 2626 536 2684 confecti
559 2629 715 2699 eihs,
744 2630 911 2687 sertis
938 2630 1208 2700 redimiti,
1239 2631 1549 2708 unguentis
1590 2630 1772 2701 obliti,
1802 2630 2082 2688 debilitati
2128 2640 2244 2685 stu-

283 2706 419 2781 pris,
449 2716 714 2764 eructant
740 2710 1098 2767 sermonibus
1125 2710 1245 2767 suis
1271 2711 1492 2768 caedem
1534 2711 1828 2782 bonorum,
1861 2720 2029 2786 atque
2069 2708 2243 2766 Urbis
2267 2707 2344 2761 30

286 2783 576 2842 incendia.
792 2796 803 2807 '
2127 2814 2130 2817 ·

254 2938 257 2939 ⁷
361 2862 600 2923 Quibus
626 2883 736 2941 ego
763 2865 989 2924 confido
1019 2867 1349 2945 impendere
1378 2867 1558 2925 fatum
1606 2867 1870 2944 aliquod3
1914 2876 1974 2924 et
2018 2884 2241 2943 poenas,

299 2943 521 3017 jamdiu
553 2943 921 3018 improbitati,
949 2947 1240 3020 nequitiae,
1270 2947 1495 3018 sceleri,
1517 2947 1744 3004 libidini
1767 2946 2009 3016 debitas,
2035 2956 2132 3002 aut
2160 2945 2245 3000 in-

285 3032 453 3087 stare,
459 3022 577 3096 jam
606 3022 798 3097 plane,
830 3034 929 3080 aut
956 3023 1114 3083 certe
1139 3024 1257 3101 jam
1287 3026 1753 3102 appropinquare.
1818 3024 1989 3086 Quos
2010 3023 2058 3080 si
2081 3040 2245 3079 meus
2322 3035 2330 3043 ·

238 3120 243 3125 ’
284 3100 635 3171 consulatuS,
663 3102 934 3176 quoniam
962 3122 1167 3161 sanare
1195 3124 1307 3161 non
1334 3115 1537 3180 potest,
1560 3104 1885 3173 sustulerit3
1929 3121 2043 3159 non
2073 3101 2243 3157 breve
2270 3099 2343 3153 35

225 3219 231 3224 -
285 3178 483 3236 nescio
509 3181 658 3255 quod
679 3189 923 3256 tempus,
946 3182 1048 3240 sed
1076 3183 1257 3240 multa
1284 3183 1516 3253 saecula‚
1538 3182 1865 3258 propagarit
1893 3178 2241 3256 reipublicae.

286 3256 469 3314 Nulla
496 3269 583 3315 est
610 3259 764 3315 enim
795 3261 970 3331 natio,
997 3280 1169 3337 quam
1212 3262 1520 3338 pertimesc
1559 3280 1721 3317 mus:
1765 3259 1956 3317 nullus
1999 3276 2119 3327 rex,
2146 3256 2246 3330 qui

288 3335 503 3392 bellum
533 3337 737 3412 populo
765 3337 1033 3397 Romano
1064 3339 1257 3397 facere
1299 3341 1491 3415 possit.
1572 3339 1791 3396 Omnia
1834 3346 1968 3394 sunt
2009 3345 2248 3393 externa

289 3414 462 3471 unius
480 3415 683 3472 virtute
701 3417 853 3475 terra
870 3419 1129 3493 marique
1145 3402 1774 3502 pacatassdomesticum
1791 3414 2005 3475 bellum
2023 3421 2246 3469 manet:

292 3491 449 3549 intus
466 3492 682 3551 insidiae
701 3507 834 3553 sunt
854 3515 866 3553 :
889 3497 1042 3553 intus
1062 3496 1346 3554 inclusum
1365 3496 1686 3572 periculum
1703 3507 1792 3552 est
1811 3516 1824 3552 t
1849 3495 2002 3550 intus
2018 3502 2103 3549 est
2123 3492 2249 3548 hos·
2273 3488 2346 3544 40

288 3571 401 3629 tis·
436 3570 589 3631 Cum
604 3571 829 3631 luxuria
848 3575 1030 3645 nobis,
1051 3588 1185 3650 cum
1206 3576 1478 3645 amentia,
1498 3592 1631 3631 cum
1651 3574 1889 3641 scelere,
1910 3570 2248 3629 certandum

287 3644 405 3721 est„
454 3650 637 3709 'Huic
664 3672 774 3729 ego
801 3672 893 3710 me
923 3654 1090 3723 bello,
1111 3653 1400 3722 Quirites,
1421 3651 1684 3727 profiteor
1713 3650 1955 3719 ducem3
1999 3650 2251 3725 suscipio

214 3745 223 3751 ”
289 3729 624 3787 inimicitias
645 3732 939 3788 hominum
956 3731 1324 3807 perditorum.
1406 3730 1561 3791 Qum
1590 3729 1778 3785 sanari
1805 3739 2091 3805 poterunt,
2114 3728 2253 3803 qua·

288 3827 521 3885 cunque
552 3811 772 3866 ratione
792 3812 1054 3873 sanabo:
1097 3828 1224 3884 quae
1254 3806 1573 3865 resecanda
1600 3817 1786 3877 erunt,
1810 3827 1922 3864 non
1959 3809 2143 3884 patiar
2179 3807 2252 3863 ad

2327 1758 2336 1785 l
