2667 4242
653 277 927 327 ORATIO
974 277 1113 326 Pao
1156 279 1231 328 M.
1276 255 1695 330 MARCELLo.
1794 259 1800 264 ’
2184 282 2272 343 oe

268 422 378 485 Ele
425 422 657 496 quidem
711 422 964 480 finctum
1004 441 1191 481 omnis
1228 423 1360 482 vitae
1408 434 1688 483 anteactas
1742 423 2019 484 hodierno
2070 423 2169 482 die

78 542 93 554 ,
192 502 505 562 maximum
535 501 707 577 cepit,
737 499 874 558 cum
903 519 1125 560 summo
1152 522 1435 561 consensu
1464 504 1719 576 seneffia,
1749 514 1870 562 tum
1891 513 2171 598 praeterea

110 594 115 599 ’
185 580 407 659 judicio
448 590 547 638 tuo
589 579 924 657 gravissimo
951 592 1007 637 et
1036 581 1297 639 maximo.
1382 581 1473 640 Ex
1513 602 1627 658 quo
1666 585 1921 660 profecto
1962 582 2171 641 intelli-

189 662 299 738 gis,
330 669 547 734 quanta
571 658 633 716 in
659 660 795 717 dato
842 659 1124 717 beneficio
1166 659 1240 716 sit
1281 660 1427 732 lauS,
1457 659 1594 719 cum
1625 661 1686 718 in
1730 671 1969 737 accepto
2007 671 2170 719 tanta
2225 708 2230 711 -

189 741 266 797 sit
290 738 491 821 gloria.
574 737 681 794 Est
706 736 841 795 vero
873 738 1191 796 fortunatus
1207 738 1324 811 ille,
1344 740 1511 816 cujus
1527 759 1601 798 ex
1626 741 1811 799 salute
1839 760 1953 799 non
1981 740 2169 798 minor
2230 745 2270 799 5

187 818 340 895 pene
385 818 458 875 ad
497 836 717 888 omnes,
759 815 934 891 quarn
980 818 1054 875 ad
1098 816 1283 894 ipsum
1320 829 1564 878 ventura
1602 819 1695 891 sit,
1736 820 1936 878 laetitia
1973 838 2171 896 perve-

188 897 360 957 nerit.
441 896 622 958 Quod
648 896 705 953 ei
730 896 962 971 quidem
1003 895 1230 969 merite,
1259 908 1432 971 atque
1470 899 1683 975 optimo
1717 899 1865 975 jure,
1907 897 2168 974 contigit.

185 977 349 1039 Quis
375 975 530 1033 enim
559 985 645 1032 est
674 974 770 1032 illo
797 985 897 1031 aut
923 975 1239 1047 nobilitate,
1259 985 1358 1033 aut
1378 978 1679 1051 probitate,
1699 987 1801 1036 aut
1825 976 2171 1055 optimarum

187 1056 401 1113 artium
449 1054 657 1125 studio,
703 1063 803 1111 aut
843 1053 1197 1127 innocentia,
1242 1064 1343 1113 aut
1384 1056 1502 1114 ullo
1541 1075 1756 1134 genere
1781 1056 1989 1128 laudis,
2028 1075 2172 1133 prae·

169 1133 473 1191 stantior‘l
1699 1173 1704 1177 -
2201 1144 2271 1198 ιο

266 1212 355 1270 ΙΙ.
438 1210 673 1271 Nullius
712 1219 937 1269 tantum
990 1220 1079 1270 est
1118 1210 1334 1270 flumen
1389 1212 1630 1290 ingenii,
1671 1214 1886 1272 nullius
1937 1213 2171 1272 dicendi

186 1302 289 1350 aut
318 1289 610 1349 scribendi
637 1300 799 1347 tanta
824 1290 928 1362 vis,
958 1299 1120 1348 tanta
1147 1291 1331 1367 copia,
1351 1310 1498 1366 quae,
1518 1311 1633 1350 non
1655 1293 1846 1350 dicam
1876 1306 2171 1358 exornare.

157 1372 289 1429 ·sed
321 1388 612 1441 enarrare,
632 1368 700 1426 C.
721 1369 939 1439 Caesar,
959 1388 1049 1426 res
1066 1380 1195 1427 tuas
1219 1381 1413 1446 gestas
1439 1371 1629 1446 possit.
1699 1371 1928 1435 Tamen
1954 1370 2174 1430 affirmo

187 1449 277 1527 (et
308 1450 420 1507 hoc
447 1467 590 1523 pace
618 1447 811 1505 dicam
838 1449 991 1526 tua),
1020 1448 1237 1505 nullam
1280 1448 1341 1506 in
1384 1450 1473 1506 his
1513 1468 1639 1508 esse
1666 1450 1899 1508 laudem
1941 1449 2174 1526 amplio-

184 1548 334 1599 rem,
377 1526 550 1602 quam
590 1545 741 1598 eam,
783 1545 955 1601 quam
998 1527 1275 1593 hodierno
1313 1527 1410 1585 die
1451 1539 1798 1586 consecutus
1838 1548 1917 1587 es.
2000 1528 2173 1587 Soleo
2200 1533 2270 1588 15

184 1627 343 1684 saepe
374 1618 506 1664 ante
530 1606 730 1664 oculos
756 1624 988 1682 ponere,
1016 1605 1190 1680 idque
1217 1606 1465 1664 libenter
1494 1608 1713 1665 crebris
1755 1626 2029 1684 usurpare
2057 1627 2174 1665 ser-

184 1686 479 1756 monibus,
521 1703 721 1743 omnae
765 1695 1082 1742 nostrorum
1106 1684 1550 1763 imperatorum,
1590 1706 1793 1745 omnes
1845 1699 2173 1744 exterarum

183 1766 473 1843 gentium,
521 1763 1155 1840 potentissimorumque
1198 1764 1553 1840 populorum,
1590 1784 1791 1823 omnes
1831 1765 2174 1823 clarissimo-

183 1864 317 1903 rum
349 1861 570 1919 regum‚
600 1863 692 1900 res
717 1854 929 1918 gestas,
959 1861 1091 1899 cum
1120 1841 1235 1900 tuis
1263 1863 1375 1900 nec
1415 1844 1846 1902 contentionum
1888 1844 2173 1920 magnitu-

183 1925 347 1995 dine,
399 1940 508 1980 nec
548 1940 789 1979 numero
830 1921 1155 1996 proeliorum
1221 1941 1332 1979 nec
1379 1923 1654 1981 varietate
1698 1923 2017 1999 regionum,
2059 1941 2172 1980 nec
2198 1922 2271 1977 m
2362 1968 2372 1976 .

185 2002 491 2061 celeritate
544 1999 912 2069 conficiendi,
967 2019 1078 2058 nec
1174 1999 1600 2059 issimilitudine
1656 2002 1954 2073 bellorum,
2007 2020 2172 2077 posse

184 2080 474 2140 conferri:
516 2099 629 2144 nec
682 2077 817 2136 vero
859 2078 1337 2154 disjunctissimas
1384 2089 1567 2137 terras
1614 2078 1789 2137 citius
1831 2080 2187 2155 cujusquam-

183 2160 454 2238 passibus
479 2158 730 2236 potuisse
771 2157 1083 2234 peragrari,
1112 2155 1288 2232 quam
1332 2157 1469 2230 tuis,
1497 2178 1613 2217 non
1656 2158 1850 2216 dicam
1889 2158 2173 2230 cursibus,

184 2241 292 2298 sed
325 2238 599 2308 victoriiS‚
626 2237 879 2294 lustratae
907 2236 1038 2294 sint.
1220 2294 1229 2304 ,

263 2318 426 2381 Quae
480 2318 714 2393 quidem
768 2335 877 2393 ego
915 2314 1027 2374 nisi
1070 2314 1152 2373 ita
1186 2333 1406 2393 magna
1456 2335 1585 2374 esse
1624 2296 1857 2387 fatear?
1866 2325 1932 2374 ut
1970 2333 2043 2373 ea
2080 2314 2176 2392 yix
2197 2311 2271 2366 25

187 2398 537 2475 cujusquam
564 2415 741 2453 mens
759 2405 859 2452 aut
885 2394 1159 2472 cogitatio
1199 2402 1408 2471 capere
1434 2397 1630 2471 possit,
1661 2413 1860 2452 amens
1886 2395 2026 2452 sim:
2069 2395 2176 2452 sed

185 2486 388 2534 tamen
417 2486 551 2533 sunt
578 2474 695 2532 alia
721 2473 952 2550 majora.
1034 2472 1193 2530 Nam
1223 2473 1464 2532 bellicas
1491 2474 1691 2532 laudes
1726 2475 1912 2532 solent
1937 2473 2174 2549 quidam

184 2568 506 2617 extenuare
559 2550 767 2624 verbis,
822 2571 1034 2628 easque
1076 2553 1380 2610 detrahere
1418 2553 1687 2624 ducibus,
1743 2552 2174 2611 communicare

187 2653 328 2694 cum
358 2633 571 2703 multis,
593 2652 668 2690 ne
694 2631 933 2709 propriae
955 2630 1070 2689 sint
1088 2631 1508 2707 imperatorum.
1592 2631 1669 2689 Et
1696 2631 1876 2702 certe,
1901 2632 1961 2689 in
1978 2632 2172 2702 armis,

186 2713 440 2771 militum
481 2711 678 2782 virtus,
708 2711 962 2769 locorum
1002 2709 1411 2786 opportunitas,
1442 2709 1656 2769 auxilia
1696 2709 2000 2781 sociorum,
2030 2710 2176 2768 clas-
2198 2715 2272 2770 30

84 2813 88 2817 ⁴
186 2812 303 2863 seS,
324 2801 698 2861 commeatus,
721 2788 965 2847 multh
978 2789 1213 2866 juvant:
1255 2789 1562 2847 maximam
1592 2788 1728 2847 vero
1747 2801 1986 2865 partem,
2008 2788 2173 2864 quasi

185 2891 296 2929 suo
347 2870 495 2946 jure,
542 2869 799 2926 Fortuna
852 2867 961 2925 sibi
1005 2867 1293 2939 vindicat3
1335 2878 1413 2940 et,
1453 2868 1729 2944 quidquid
1768 2879 1856 2926 est
1906 2865 2174 2945 prospere

184 2960 441 3028 gestum,
474 2946 712 3024 idpene
741 2964 919 3015 omne,
940 2947 1101 3004 ducit
1129 2966 1315 3004 suum.

270 3030 357 3085 At
384 3026 518 3085 vero
549 3026 717 3102 hujus
743 3026 959 3102 gloriae,
988 3025 1057 3083 C.
1088 3025 1307 3096 Caesar,
1334 3044 1507 3101 quam
1549 3045 1612 3083 es
1637 3022 1810 3101 paule
1841 3022 1975 3082 ante
2007 3024 2176 3098 adep-

185 3117 305 3179 tus,
335 3107 560 3164 socium
604 3105 785 3162 habes
828 3104 1136 3162 neminem.
1234 3103 1453 3161 Totum
1499 3104 1632 3176 hoc,
1660 3113 2176 3179 quantumcunque
2199 3104 2272 3158 35

185 3198 298 3257 est,
344 3185 525 3261 (quod
567 3181 725 3241 certe
769 3183 1081 3240 maximum
1122 3184 1236 3262 est)
1292 3192 1476 3240 totum
1529 3194 1636 3253 est,
1692 3182 1946 3257 inquam,
1988 3189 2172 3237 tuum.

184 3264 248 3323 N
254 3263 361 3325 ibi}
384 3258 499 3335 sibi
526 3282 599 3321 ex
627 3261 736 3319 isui
763 3262 935 3319 laude
964 3263 1242 3332 centurio,
1271 3260 1416 3320 nihil
1443 3261 1768 3337 praefectus,
1787 3259 1930 3317 nihil
1949 3259 2172 3327 cohow,
2252 3322 2256 3326 ¹

184 3342 335 3403 nihii
358 3350 579 3413 tuma,
604 3341 878 3416 decerpit.
958 3341 1125 3403 Quin
1155 3340 1333 3398 etiam
1363 3339 1462 3397 illa
1503 3339 1627 3415 ipsa
1664 3356 1857 3396 rerum
1899 3337 2177 3393 humana-

185 3430 321 3483 rum
348 3416 604 3497 dem,
632 3416 908 3490 Fortuna,
929 3418 987 3477 in
1006 3420 1169 3477 istius
1190 3439 1251 3476 se
1269 3418 1606 3485 societatem
1622 3417 1816 3494 gloriae
1837 3435 1953 3474 non
1969 3415 2173 3472 offert:
2227 3434 2232 3443 ·

186 3498 295 3561 tibi
328 3498 493 3571 cedit
510 3514 537 3559 ι’
564 3508 724 3557 tuam
764 3517 891 3556 esse
933 3509 1107 3556 totam
1136 3509 1195 3555 et
1220 3497 1505 3572 propriam
1548 3496 1773 3555 fatetur.
1857 3493 2175 3566 Nunquam
2202 3493 2271 3561 40

186 3580 350 3663 enijn
381 3575 672 3641 temeritas
700 3597 836 3635 cum
863 3577 1142 3653 sapientia
1172 3576 1599 3646 commiscetur,
1629 3594 1741 3633 nec
1770 3573 1842 3630 ad
1870 3570 2202 3663 consilium&

188 3660 369 3719 camis
390 3642 732 3735 admittitur.

2355 3418 2415 3469 'ra

174 3765 187 3778 ·
274 3732 393 3797 111:
458 3732 749 3795 Domuisti
793 3745 996 3812 gentes
1050 3732 1411 3791 immanitate
1465 3731 1760 3803 barbaras,
1802 3728 2175 3789 multitudine
2213 3742 2220 3749 “
2283 3712 2302 3723 ³
2363 3762 2372 3771 -

171 3804 664 3887 ‚inumerabiles
706 3814 849 3872 locis
891 3812 1163 3884 infinitas,
1203 3812 1364 3870 omni
1405 3810 1699 3887 copiarum
1740 3828 1955 3888 genere
1995 3810 2176 3867 abun-
