2667 4242
724 222 998 273 ORATIO
1043 223 1113 275 11.
1153 222 1230 272 IN
1278 223 1337 273 L.
1385 224 1811 275 CATILINAM.
2265 233 2342 295 21

260 369 461 427 ‘modo
487 387 522 427 a
548 369 708 427 vobis
736 366 919 444 hujus
932 366 1220 425 horribilis
1248 366 1385 425 belli
1428 384 1498 425 ac
1538 368 1744 428 nefarii
1783 369 2108 447 periculum
2147 370 2245 427 de-

288 449 549 524 pellatur.
631 449 877 506 Dicatur
905 443 1045 504 sane
1075 445 1294 521 ejectus
1322 465 1448 503 esse
1478 465 1513 504 a
1557 467 1671 518 me,
1700 449 2009 506 dummodo
2050 458 2144 506 eat
2185 450 2245 506 in

289 527 592 584 exsilium.
630 527 757 598 sed,
788 526 928 583 mihi
957 525 1196 595 credite,
1227 545 1341 582 non
1368 535 1455 582 est
1496 526 1696 585 iturus.
1779 526 2094 603 Nunquam
2136 547 2246 604 ego

290 624 327 661 a
366 606 497 663 Diis
526 605 940 664 immortalibus
961 600 1192 680 optab0,
1218 603 1504 675 Quirites,
1535 606 1765 669 invidiae
1813 625 1956 662 meae
1985 607 2242 664 levandae

290 703 490 756 causa,
520 697 582 743 ut
610 685 677 742 L.
708 684 1022 742 Catilinam
1052 684 1268 741 ducere
1315 685 1631 741 exercitum
1679 684 1950 755 hostium,
1979 696 2149 760 atque
2183 684 2240 742 in
2306 693 2344 751 5
2445 696 2451 701 ’

290 764 466 820 armis
485 764 740 835 volitare,
764 762 1044 820 audiatis:
1074 763 1176 819 sed
1197 762 1388 820 triduo
1408 771 1601 820 tamen
1625 763 1903 821 audietis:
1947 761 2243 839 multoque

288 842 477 919 magis
505 843 643 900 illud
673 843 871 912 timec,
913 860 987 898 ne
1029 841 1170 898 mihi
1212 841 1286 898 sit
1323 840 1669 898 invidiosum
1715 843 2042 917 aliquand0‚
2084 841 2243 918 quod

287 920 451 978 illum
479 922 768 979 emiserim
793 918 1001 997 potiuS,
1028 918 1201 995 quam
1229 917 1384 994 quod
1424 920 1713 1010 ejtecerim.
1796 920 1934 992 Sed,
1964 941 2098 980 cum
2126 921 2244 979 sint

288 1000 570 1090 homines,
598 1001 696 1075 qui
725 1000 906 1070 illum,
935 1017 1068 1057 cum
1108 996 1399 1075 profectus
1441 999 1534 1070 sit,
1561 999 1811 1076 ejectum
1852 1019 1980 1059 esse
2021 1001 2240 1071 dicant,

288 1078 488 1148 iidem,
517 1078 566 1136 si
595 1078 931 1136 interfectus
959 1087 1129 1148 esset,
1157 1077 1294 1153 qui'd
1324 1044 1627 1136 dicereiit'l
1984 1111 1998 1123 ·
2269 1094 2341 1151 10

368 1157 724 1233 Quanquam
754 1156 866 1227 isti,
894 1156 993 1232 qui
1021 1155 1337 1212 Catilinam
1356 1155 1720 1214 Massiliam
1705 1177 1789 1214 1re
1811 1154 2096 1228 dictitant,
2126 1177 2240 1217 non

286 1244 407 1292 tam
439 1237 548 1293 hoc
576 1245 910 1311 queruntur,
938 1253 1110 1310 quam
1145 1245 1430 1293 verentur.
1513 1235 1708 1295 Nemo
1732 1246 1819 1294 est
1845 1237 2078 1294 istorum
2122 1246 2240 1294 tam

287 1314 632 1410 misericors,
659 1314 759 1390 qui
789 1313 948 1370 illum
977 1333 1091 1370 non
1121 1312 1193 1370 ad
1211 1311 1498 1371 Manlium
1504 1313 1710 1390 ‚quam
1732 1315 1804 1372 ad
1825 1314 2239 1388 Massilienses,
2343 1360 2349 1367 .

286 1393 373 1451 ire
402 1393 608 1450 malit.
661 1393 769 1451 Ille
798 1384 1010 1464 autem,
1039 1392 1087 1448 si
1136 1391 1524 1470 (mehercule)
1558 1395 1685 1465 hoc,
1732 1393 1884 1469 quod
1932 1393 2069 1471 agit,
2098 1414 2242 1452 nun·

283 1491 457 1548 quam
481 1470 613 1531 ante
639 1472 965 1549 cogitasset,
987 1481 1181 1528 tamen
1202 1471 1641 1530 latrocinantem
1662 1492 1725 1530 se
1748 1473 1994 1530 interfici
2024 1474 2237 1545 mallet,
2271 1483 2339 1549 15

284 1549 456 1626 quam
484 1551 737 1609 exsulem
766 1550 972 1607 vivere.
1055 1548 1234 1607 Nunc
1252 1548 1416 1621 vero,‘
1430 1546 1563 1609 cum
1582 1551 1638 1609 ei
1665 1550 1808 1609 nihil
1829 1553 2019 1609 adhuc
2035 1564 2239 1627 praeter

285 1630 462 1706 ipsius
489 1631 836 1688 voluntatem
865 1628 1385 1706 cogitationemque
1434 1630 1732 1702 acciderit,
1760 1630 1871 1688 nisi
1899 1629 2052 1706 quod
2098 1632 2241 1689 vivis
2306 1685 2313 1690 .

282 1709 450 1767 nobis
476 1709 668 1766 Roma
694 1708 981 1786 profectus
1009 1716 1128 1778 est3
1156 1718 1419 1784 optemus
1435 1707 1664 1786 potius,·
1654 1721 1731 1768 -ιιι
1750 1719 1847 1767 eat
1867 1709 1928 1767 in
1949 1711 2237 1784 exsilium,

283 1785 456 1862 quam
484 1807 807 1863 queramur.

364 1866 537 1924 VIII.
581 1867 699 1924 Sed
728 1884 832 1923 cur
873 1864 1096 1923 tamdiu
1138 1865 1213 1923 de
1255 1885 1373 1923 ιιιιο
1414 1866 1575 1928 hoste
1620 1866 1926 1942 loquimur,
1954 1876 2014 1924 et
2053 1866 2128 1925 de
2169 1887 2239 1927 eo
2265 1874 2338 1931 20

282 1945 464 2017 hoste,
492 1946 589 2021 qui
612 1946 732 2021 jam
761 1945 968 2002 fatetur
1008 1963 1070 2000 se
1113 1962 1240 2001 esse
1282 1940 1536 2015 hostem3
1578 1955 1637 2002 et
1677 1964 1867 2021 quem,
1895 1945 2031 2021 quia
2061 1942 2239 2021 (quod

282 2042 506 2100 semper
534 2024 714 2114 volui)
746 2042 946 2080 murus
973 2021 1231 2093 interest,
1260 2042 1375 2079 non
1405 2023 1610 2092 time03
1653 2024 1726 2081 de
1755 2024 1864 2095 his,
1891 2025 1988 2099 qui
2016 2025 2240 2082 dissim-

281 2102 467 2173 ulant,
495 2102 594 2177 qui
621 2102 829 2159 Romae
869 2109 1190 2171 remanent,
1231 2100 1330 2175 qui
1374 2066 1675 2158 nobiscum
1717 2112 1869 2172 sunt,
1913 2103 2056 2160 nihil
2099 2104 2239 2161 dici·

284 2182 454 2237 mus'l
495 2200 636 2256 quos
675 2178 908 2255 quidem
946 2197 1076 2254 ege,
1118 2178 1166 2235 si
1213 2179 1330 2236 ullo
1370 2179 1539 2236 modo
1578 2179 1702 2237 fieri
1741 2180 1935 2256 possit,
1978 2201 2090 2238 non
2121 2190 2238 2239 ta‘m

286 2258 495 2316 ulcisci
548 2259 769 2328 studeo,
822 2255 995 2332 quam
1040 2275 1264 2346 sanare,
1305 2267 1364 2315 et
1404 2257 1553 2333 ipsos
1591 2258 1822 2333 placare
1874 2259 2235 2335 reipublicae:
2262 2274 2340 2330 25

285 2352 495 2411 neque,
525 2336 585 2393 id
612 2355 789 2411 quare
816 2336 938 2393 fieri
967 2355 1079 2393 non
1107 2336 1301 2411 possit,
1320 2336 1371 2394 si
1398 2355 1490 2393 me
1510 2337 1709 2395 audire
1726 2336 1931 2409 volent,
1962 2339 2232 2416 intelligo,
2313 2350 2320 2359 ‘

283 2415 582 2491 Exponam
605 2416 758 2473 enim
788 2415 963 2485 vobiS,
980 2414 1264 2486 Quirites,
1287 2434 1358 2472 ex
1384 2416 1591 2491 quibus
1612 2417 1920 2493 generibus
1940 2418 2234 2477 hominum

282 2495 407 2553 istae
435 2484 618 2584 φορῶ
640 2503 1072 2583 comparentur:
1115 2461 1324 2551 deinile
1353 2494 1594 2571 singulis
1631 2495 1979 2553 medicinam
2005 2498 2233 2556 consilii

282 2584 453 2648 atque
479 2570 750 2630 orationis
778 2591 942 2644 meae,
970 2571 1020 2630 si
1046 2591 1217 2648 quam
1245 2583 1458 2649 potero,
1491 2574 1766 2632 afferam.-

361 2652 555 2710 Unum
581 2671 765 2728 genus
791 2661 878 2708 est
906 2670 1122 2731 eorum,
1151 2652 1269 2727 qui,
1297 2671 1509 2728 magno
1535 2652 1594 2712 in
1624 2671 1735 2711 aere
1762 2652 1970 2726 alieno,
1990 2653 2231 2731 majores
2259 2666 2333 2723 30

278 2731 452 2788 etiam
477 2731 863 2807 possessiones
889 2730 1136 2788 habent·
1121 2773 1136 2801 ,
1180 2750 1423 2806 quarum
1466 2749 1658 2789 amore
1700 2732 1955 2805 adducti,
1997 2734 2230 2792 dissolvi

277 2809 437 2867 nullo
463 2809 630 2868 modo
645 2820 894 2886 possunt.
979 2808 1202 2866 Horum
1234 2809 1527 2867 hominum
1541 2811 1777 2906 species
1803 2822 1889 2868 est
1907 2812 2232 2869 honestissi-

279 2906 375 2945 ma
404 2887 564 2964 (sunt
590 2887 747 2946 enim
773 2887 1136 2965 locupletes),
1154 2887 1418 2946 voluntas
1433 2886 1568 2947 vero
1588 2898 1646 2946 et
1665 2908 1843 2947 causa
1861 2891 2232 2966 impudentis-

279 2967 440 3023 sima.
524 2966 624 3024 Tu
653 2967 825 3043 agris&
855 2977 915 3024 tu
945 2966 1223 3036 aedificiis,
1252 2976 1314 3022 tu
1345 2977 1601 3043 argento,
1619 2978 1681 3024 tu
1701 2968 1939 3039 familia,
1965 2980 2029 3026 tu
2057 2970 2231 3027 rebus

277 3045 542 3102 omnibus
567 3055 803 3103 ornatus
834 3055 893 3102 et
932 3045 1192 3120 copiosus
1234 3045 1346 3114 sis;
1389 3054 1449 3102 et
1491 3045 1719 3104 dubites
1761 3048 1833 3104 de
1876 3047 2424 3127 possessionelffi'*

279 3124 598 3194 detrahere,
628 3123 927 3199 acquirere
955 3124 1027 3180 ad
1054 3123 1267 3180 fidem?
1300 3124 1493 3185 ‘Quid
1534 3125 1687 3181 enirn
1716 3124 2083 3212 exspectas?
2113 3124 2231 3181 bel·

277 3202 437 3269 lum?
478 3203 656 3278 quid?
698 3222 856 3279 erge,
898 3201 958 3259 ιιι
999 3201 1315 3259 vastatione
1361 3203 1639 3274 omnium,
1668 3211 1798 3260 tuas
1844 3200 2229 3278 possessiones

277 3291 674 3338 sacrosanctas
707 3281 926 3338 futuras
965 3281 1175 3356 putas'l
1220 3281 1316 3337 An
1364 3281 1591 3338 tabulas
1629 3282 1846 3339 novas?
1888 3290 2101 3349 errant,
2129 3281 2228 3355 qui

278 3360 418 3416 istas
447 3378 482 3416 a
506 3358 759 3417 Catilina
787 3369 1135 3435 exspectant.
1220 3357 1359 3416 Meo
1386 3359 1667 3418 beneficio
1694 3359 1904 3417 tabulae
1923 3377 2079 3414 novae
2106 3377 2229 3433 pro-
2350 3374 2408 3415 ..¹..
2433 3398 2450 3409 .

280 3438 551 3507 ferentur,
580 3435 775 3495 verum
805 3438 1206 3495 auctionariae:
1250 3457 1436 3512 neque
1465 3439 1617 3494 enim
1650 3437 1761 3507 isti,
1790 3437 1888 3513 qui
1928 3437 2228 3510 possessio-
2252 3446 2325 3501 40
2389 3444 2396 3473 '-

279 3536 382 3584 nes
420 3516 652 3587 habent,
696 3517 808 3573 alia
837 3517 1058 3574 ratione
1098 3516 1215 3572 ulla
1257 3516 1396 3572 salvi
1452 3535 1577 3573 esse
1623 3484 1871 3590 possunt.
1954 3513 2136 3575 Qubd
2178 3515 2226 3573 si

276 3593 557 3653 maturius
585 3595 776 3653 facere
803 3595 1131 3664 voluissent,
1162 3613 1349 3668 neque
1393 3593 1480 3669 (id
1507 3595 1657 3668 quod
1686 3593 2081 3649 stultissimum
2110 3594 2223 3672 est)

278 3686 498 3732 certare
526 3693 659 3732 cum
687 3673 876 3731 usuris
920 3673 1202 3730 fructibus
1242 3672 1620 3747 praediorum3
1664 3681 1722 3726 et
1763 3670 2227 3744 locupletioribus
2323 3666 2645 3709 --‘··‘'“‘''

255 3752 366 3831 ⁸his
418 3763 476 3811 et
528 3752 861 3810 melioribus
913 3750 1137 3809 civibus
1177 3758 1485 3829 uteremur.
1594 3748 1714 3805 Sed
1755 3749 1927 3804 hosce
1967 3750 2227 3809 homines
