2667 4242
723 303 996 354 ORATIO
1039 302 1113 352 m
1165 303 1240 352 M.
1285 300 1691 352 ANTONIUM.
1811 344 1815 348 .
2188 288 2292 361 131

217 448 531 538 lustrisque
559 448 874 506 confectus
959 447 1041 504 At
1067 466 1194 522 ego,
1223 455 1498 520 tanquam
1541 444 1682 502 mihi
1711 461 1846 500 cum
1874 442 1957 499 M.
1988 443 2200 502 Crasso

219 528 518 585 contentio
544 538 715 598 esset,
743 545 991 617 quocum
1019 527 1212 582 multae
1261 534 1319 581 et
1359 543 1583 600 magnae
1632 523 1879 593 suerunt,
1908 542 2023 579 non
2065 524 2200 580 cum

218 626 339 663 uno
364 606 683 683 gladiatore
710 605 1080 679 nequissimo,
1110 605 1183 661 de
1231 604 1528 678 republica
1557 601 1803 679 graviter
1832 620 2096 676 querens,
2126 603 2199 659 de

220 685 458 743 homine
499 685 642 742 nihil
705 684 839 741 dixi.
942 683 1147 758 Itaque
1208 683 1378 740 hodie
1437 681 1752 758 perficiam,
1791 689 1858 737 ut
1897 679 2181 757 intelligat

220 764 506 838 quantum
537 782 571 820 a
598 782 690 820 me
717 761 1064 820 beneficium
1092 772 1215 818 tum
1244 761 1549 837 acceperit.
2269 779 2306 832 5

303 842 412 900 IV.
458 842 541 899 At
568 843 745 900 etiam
790 841 1007 912 literas,
1054 859 1197 916 quas
1238 859 1332 897 me
1380 840 1489 896 sibi
1536 837 1759 896 misisse
1787 837 2025 910 diceret,
2055 837 2202 895 reci-

223 921 389 992 tavit,
419 921 590 979 homo
634 930 692 978 et
720 919 1094 977 humanitatis
1140 938 1359 1008 experS,
1403 928 1462 976 et
1507 917 1635 974 vitae
1681 917 2001 975 communis
2043 917 2202 994 igna-

222 1019 340 1057 ruS.
422 999 580 1060 Quis
607 998 763 1056 enim
809 1017 1083 1073 unquam,
1131 997 1230 1071 qui
1257 995 1506 1074 paulum·
1541 995 1709 1054 modo
1754 996 2028 1054 bonorum
2070 1016 2203 1053 con-

223 1077 592 1136 suetudinem
619 1075 834 1147 nosset,
862 1077 1057 1135 literas
1087 1077 1158 1133 ad
1205 1096 1267 1133 se
1297 1078 1369 1133 ab
1417 1076 1604 1132 amico
1643 1075 1863 1145 missas,
1890 1074 2201 1133 offensione

226 1157 422 1231 aliqua
467 1155 819 1233 interposita,
849 1155 910 1213 in
958 1154 1213 1213 medium
1258 1154 1509 1244 protulit,
1552 1153 1855 1229 palamque
1898 1153 2200 1211 recitavit?
2239 1160 2305 1216 10

225 1234 395 1297 Quid
422 1246 510 1293 est
539 1235 715 1306 aliud,
744 1234 943 1292 tollere
990 1253 1024 1292 e
1067 1232 1184 1290 vita
1233 1234 1359 1289 vitae
1390 1232 1742 1302 societatem,
1791 1229 1964 1305 quam
2006 1232 2203 1291 tollere

228 1314 549 1372 amicorum
593 1281 876 1388 colloquia
924 1312 1247 1370 absentium
1268 1314 1292 1369 'l
1372 1310 1574 1374 Quam
1618 1311 1798 1367 multa
1837 1310 1971 1386 joca
2023 1311 2242 1367 solent

226 1412 356 1450 esse
398 1394 460 1450 in
518 1393 789 1468 epistoliS,
848 1411 994 1467 quae,
1051 1391 1270 1468 prolata
1328 1390 1379 1447 si
1434 1391 1567 1460 sint,
1622 1389 1817 1464 inepta
1870 1389 2200 1447 videantur!
2283 1406 2310 1430 ’ν

228 1469 405 1546 quam
434 1472 614 1528 multa
640 1471 810 1542 seria,
839 1490 1029 1544 neque
1055 1481 1250 1528 tamen
1278 1470 1396 1528 ullo
1423 1469 1591 1527 modo
1618 1468 2001 1544 divulganda!

310 1551 402 1607 S1t
429 1551 539 1606 hoc
568 1550 1006 1607 inhumanitatis
1033 1558 1184 1605 tuae:
1226 1548 1527 1606 stultitiam
1568 1547 1964 1605 incredibilem
1984 1546 2198 1613 videte.
2242 1555 2307 1608 15

226 1628 395 1690 Quid
424 1629 798 1703 habes,‘quod
827 1628 968 1684 mihi
1015 1646 1286 1703 opponas,
1316 1629 1487 1685 homo
1532 1627 1762 1697 diserte,
1811 1639 1875 1683 ut
1916 1626 2203 1684 Mustellae

228 1707 580 1765 Tamisioet
600 1707 806 1764 Tironi
834 1706 1105 1765 Numisio
1150 1706 1406 1771 videris?
1467 1706 1565 1781 qui
1602 1703 1736 1764 cum
1767 1707 1875 1763 hoc
1903 1706 2023 1782 ipso
2062 1717 2224 1778 tem-‚

227 1805 365 1863 pore
402 1795 552 1843 stent
579 1805 715 1843 cum
741 1785 950 1875 gladiis
997 1785 1057 1843 in
1106 1796 1417 1861 conspectu
1463 1784 1715 1856 senatfiS,
1745 1805 1854 1861 ego
1872 1804 2105 1875 quoque
2146 1794 2205 1842 te

228 1864 510 1921 disertum
544 1866 775 1940 putabo,
821 1864 869 1921 si
913 1864 1250 1935 ostenderis»,
1280 1865 1562 1939 quomodo
1607 1863 1686 1921 sis
1730 1882 1829 1921 eos
1870 1865 2016 1921 inter
2058 1864 2206 1920 sica-

228 1943 345 2001 rios
372 1942 728 2002 defensurus
812 1943 932 2001 Sed
979 1942 1116 2017 quid
1163 1963 1412 2019 opponas
1456 1943 1711 2014 tandem,
1761 1943 1809 1999 si
1838 1961 2066 2031 negem,
2109 1961 2202 1999 me
2239 1945 2310 2000 20

229 2040 486 2096 unquam
514 2021 651 2079 istas
676 2023 873 2081 literas
901 2023 973 2079 ad
999 2032 1058 2079 te
1086 2022 1353 2080 misisse?
1395 2040 1508 2111 quo
1548 2040 1639 2079 me
1680 2031 1825 2078 teste
1855 2020 2162 2077 convincas
2180 2022 2205 2077 ’ἱ

232 2119 306 2158 an
336 2099 762 2177 chirographo?
806 2102 866 2159 in
896 2120 1008 2176 quo
1035 2102 1215 2181 habes
1253 2095 1557 2158 scientiam
1603 2110 1999 2187 quaestuosam.
2079 2097 2207 2159 Qui

229 2179 454 2268 possis?
495 2190 628 2236 sunt
655 2180 809 2238 enim
835 2179 1055 2238 librarii
1084 2174 1277 2237 manu.
1360 2178 1495 2235 Jam
1537 2177 1765 2235 invideo
1790 2176 2064 2252 magistro
2088 2187 2206 2248 tuo,

230 2258 328 2333 qui
357 2267 434 2328 te,
465 2258 626 2315 tanta
672 2259 960 2330 mercede,
1009 2269 1283 2334 quantam
1325 2257 1447 2335 jam
1492 2257 1794 2333 proferam,
1822 2255 1964 2313 nihil
2009 2275 2208 2333 sapere

234 2335 450 2393 docuit.
2241 2351 2312 2405 25
2416 2391 2420 2395 .

308 2414 478 2475 Quid
531 2417 687 2473 enim
741 2425 829 2474 est
879 2414 1092 2485 minus,
1140 2436 1256 2474 non
1312 2415 1444 2473 dico
1487 2412 1744 2487 oratoris,
1794 2415 1895 2473 sed
1939 2413 2205 2486 hominis»,

231 2492 408 2590 quam
457 2493 516 2550 id
561 2494 811 2569 objicere
860 2494 1201 2566 adversario,
1230 2496 1381 2571 quod
1410 2494 1504 2564 ille
1533 2494 1580 2552 si
1616 2495 1789 2553 verbo
1814 2494 2059 2572 negarit,
2087 2495 2209 2552 lon-

230 2570 365 2650 gius
389 2573 654 2648 progredi
681 2594 795 2632 non
822 2574 1016 2650 possit,
1045 2574 1144 2648 qui
1187 2541 1509 2650 objecerit?
1590 2573 1674 2630 At
1715 2592 1823 2649 ego
1865 2595 1979 2632 non
2020 2592 2207 2650 nego:

229 2662 405 2727 teque
433 2652 494 2708 in
523 2651 632 2710 isto
658 2652 780 2728 ipso
807 2653 1106 2723 convinco,
1134 2672 1258 2725 non
1277 2651 1713 2710 inhumanitatis
1741 2651 1944 2725 solum,
1975 2654 2077 2711 sed
2105 2653 2209 2711 eti-

231 2749 329 2787 am
375 2731 658 2788 amentiae.
739 2732 917 2792 Quod
961 2731 1116 2789 enim
1160 2732 1397 2789 verbum
1441 2731 1501 2789 in
1548 2731 1672 2788 istis
1718 2731 1898 2790 literis
1944 2742 2049 2804 est,
2092 2752 2206 2791 non
2241 2744 2313 2799 30

227 2809 468 2884 plenum
514 2809 913 2885 ‚humanitatis
966 2810 1162 2881 officii,
1216 2810 1670 2868 benevolentiae'l
1766 2811 1960 2869 Omne
2007 2822 2208 2869 <autem

231 2887 457 2944 crimen
483 2897 647 2945 tuum
675 2900 780 2960 est,
810 2888 965 2964 quod
1013 2890 1086 2947 de
1133 2900 1190 2947 te
1218 2888 1278 2946 in
1326 2889 1417 2947 his
1458 2889 1639 2948 literis
1686 2910 1800 2948 non
1836 2888 1987 2947 male
2017 2890 2210 2947 existi-

229 2984 422 3034 mem;
468 2964 624 3040 qudd
651 2969 900 3025 scribam
927 2977 1200 3042 tanquam
1246 2969 1316 3025 ad
1347 2969 1550 3041 civem,
1578 2980 1853 3042 tanquam
1885 2969 1957 3025 ad
1977 2969 2210 3025 'bonum

231 3044 438 3114 virum,
464 3064 610 3106 ιιοιι
656 3056 931 3120 tanquam
980 3047 1051 3104 ad
1099 3047 1445 3104 sceleratum
1490 3057 1548 3105 et
1599 3048 1895 3103 latronem.
1980 3046 2062 3103 At
2102 3066 2211 3122 ego

139 3153 144 3157 ·
230 3132 359 3180 tuas
397 3122 596 3180 literas
646 3123 781 3200 (etsi
817 3125 944 3214 jure
989 3134 1265 3200 poteram,
1298 3145 1332 3183 a
1377 3136 1435 3184 te
1479 3125 1807 3202 lacessitus)
1857 3134 2051 3181 tamen
2096 3144 2209 3181 non
2242 3136 2316 3190 35

229 3201 550 3277 proferam3
593 3203 802 3285 quibus
827 3204 993 3280 petiS,
1043 3214 1106 3260 ut
1150 3204 1255 3260 tibi
1297 3223 1399 3279 per
1444 3224 1537 3261 me
1580 3203 1755 3260 liceat
1802 3203 2090 3278 quendam
2138 3203 2230 3259 de

230 3279 435 3337 exsilio
459 3271 776 3353 reducere,
817 3283 1180 3359 adjurasque,
1210 3283 1269 3339 id
1316 3294 1394 3354 te,
1424 3283 1600 3340 invito
1642 3301 1753 3354 me,
1782 3302 1897 3340 non
1942 3302 2067 3340 esse
2096 3280 2232 3338 fac·

229 3368 463 3416 turum:
506 3360 680 3435 idque
710 3381 744 3419 a
772 3382 862 3420 me
908 3363 1196 3437 impetraS.
1276 3361 1444 3423 Quid
1473 3354 1626 3419 enim
1655 3380 1746 3419 me
1789 3361 2217 3435 interponerem

231 3437 495 3495 audaciae
539 3449 673 3510 tuae,
718 3459 890 3514 quam
937 3459 1126 3514 neque
1176 3440 1486 3498 auctoritas
1532 3439 1701 3515 hujus
1741 3425 1978 3509 ordinis,
2022 3458 2212 3513 neque

229 3513 578 3575 existimatio
622 3518 812 3598 populi
859 3518 1132 3589 Romani,
1182 3538 1371 3593 neque
1413 3519 1575 3596 leges
1623 3519 1751 3575 ullae
1797 3527 2026 3608 possent
2055 3521 2214 3575 coer-
2248 3526 2317 3580 40

231 3596 407 3652 cere?
494 3589 890 3654 Veruntamen
940 3597 1078 3672 quid
1126 3607 1266 3667 erat,
1297 3598 1449 3671 quod
1496 3616 1588 3654 me
1618 3616 1869 3672 rogareS,
1901 3597 1948 3653 si
1978 3606 2102 3653 erat
2142 3596 2211 3668 is,

228 3673 301 3733 de
326 3692 446 3747 quo
472 3676 735 3751 rogabas,
765 3676 1012 3750 Caesaris
1039 3676 1169 3751 lege
1197 3677 1512 3732 reductus?
1596 3675 1713 3732 Sed
1736 3643 2003 3733 vide’licet
2026 3694 2214 3733 meam

230 3753 479 3830 gratiam
508 3754 685 3811 voluit
731 3775 894 3829 esse3
939 3756 998 3812 in
1047 3775 1160 3830 quo
1203 3773 1278 3811 ne
1325 3753 1505 3829 ipsius
1551 3753 1784 3828 quidem
1833 3754 1950 3812 ulla
1991 3765 2215 3832 poterat

230 3848 378 3904 esse,
409 3831 542 3910 lege
579 3833 714 3891 latei..
