2667 4242
553 217 580 239 δ

780 320 1054 373 ORATIO
1098 320 1174 372 IN
1216 322 1293 372 M.
1326 323 1733 374 ANTONIUM.
2234 320 2352 389 14'}

259 463 547 523 luituriosi
594 464 864 537 hominiS,
905 466 1007 523 sed
1057 474 1251 523 tamen
1299 466 1667 524 abundantis.
1751 466 1999 541 Horum,
2042 468 2247 546 paucis
2329 478 2334 483 '

264 543 497 615 diebus,
526 545 669 601 nihil
698 555 837 602 erat.

349 622 505 683 Quae
547 622 872 698 Charybdis
911 634 1028 689 tam
1069 624 1282 680 vorax'l
1384 622 1720 698 Charybdin
1761 623 1939 682 dico?
2004 643 2152 701 qum,
2195 625 2248 683 si

265 699 399 773 fuit,
430 700 536 757 fuit
563 702 774 758 animal
818 720 997 759 unum
1022 721 1036 758 ε
1080 701 1359 759 Oceanus
1389 701 1641 774 (medius
1668 701 1865 782 fidius)
1897 703 1991 760 vix
2016 704 2244 760 videtur

265 790 358 836 tot
396 798 507 849 res,
537 790 654 836 tam
682 780 1007 856 dissipatas,
1037 789 1154 837 tam
1189 780 1536 837 distantibus
1578 780 1637 837 in
1679 780 1824 837 locis
1863 781 2096 857 positas,
2123 791 2244 839 tam
2311 787 2351 840 5

267 857 393 914 cito
438 858 739 915 absorbere
781 859 1048 935 potuisse.
1133 858 1295 915 Nihil
1323 868 1448 916 erat
1464 858 1744 929 clausum,
1788 858 1931 916 nihil
1979 859 2247 935 obsigna-

265 945 416 1006 tum,
445 937 589 993 nihil
630 936 920 1011 scriptum.
1005 938 1323 1013 Apothecae
1366 946 1499 994 totae
1526 936 1890 1013 nequissimis
1917 937 2256 995 hominibus·

269 1012 784 1072 condonabantur:
855 1015 969 1102 alia
1020 1016 1180 1072 mimi
1220 1015 1539 1091 rapiebant,
1583 1014 1696 1072 alia
1747 1015 1971 1073 mimas:
2031 1014 2247 1073 ‘domus

266 1104 398 1150 erat
440 1093 781 1150 aleatoribus
820 1093 1047 1162 referta,
1089 1093 1261 1169 plena
1299 1093 1621 1150 ebriorum:
1663 1102 1813 1150 totos
1852 1093 1976 1151 dies
2013 1094 2247 1170 potaba-

266 1181 387 1243 tur,
421 1183 587 1247 atque
615 1171 675 1227 id
702 1171 845 1229 locis
882 1172 1181 1248 pluribus:
1223 1172 1678 1248 suggerebantur
1718 1170 1893 1228 etiam
1921 1190 2072 1248 saepe
2102 1170 2246 1249 (non
2282 1172 2353 1228 10

267 1250 432 1307 enim
472 1269 695 1324 semper
736 1250 857 1324 ipse
897 1249 1061 1328 felix)
1104 1250 1322 1307 damna
1363 1249 1667 1307 aleatoria:
1709 1250 2092 1325 conchyliatis
2132 1250 2265 1311 Cn..

160 1337 169 1345 ‘
268 1327 534 1405 Pompeii
574 1329 1004 1404 peristromatis,
1032 1346 1321 1385 servorum
1350 1329 1410 1385 in
1439 1327 1622 1399 cellis,
1647 1327 1829 1387 lectos
1868 1338 2072 1386 stratos
2098 1327 2251 1386 vide-

265 1426 383 1464 res.
463 1406 860 1469 Quamobrem
902 1406 1150 1464 desinite
1203 1405 1416 1477 mirari,
1454 1407 1581 1463 haec
1633 1416 1752 1465 tam
1805 1406 2070 1464 celeriter
2120 1425 2250 1464 esse

270 1495 632 1560 consumpta.
715 1485 851 1542 Non
906 1483 1077 1543 modo
1131 1484 1303 1541 unius
1353 1484 1780 1561 patrimonium,
1822 1484 2080 1561 quamvis
2133 1502 2250 1542 am·
2344 1493 2356 1500 ”

267 1565 433 1639 plum
464 1563 556 1638 (ut
584 1563 723 1621 illud
753 1563 910 1641 fuit),
939 1563 1042 1620 sed
1086 1563 1276 1634 urbes,
1303 1573 1365 1620 et
1404 1581 1606 1639 regna,
1636 1563 1899 1621 celeriter
1939 1573 2102 1620 tanta
2147 1581 2248 1620 ne·
2284 1564 2353 1620 15

269 1643 456 1718 quitia
482 1643 755 1700 devorare
781 1642 1076 1718 potuisset.
1595 1666 1602 1673 ·

354 1722 437 1777 At
463 1721 721 1797 ejusdem
769 1720 923 1778 aedes
964 1720 1162 1791 etiam,
1205 1727 1265 1777 et
1305 1719 1514 1778 hortos.
1617 1718 1674 1777 Ο
1719 1719 2022 1777 audaciam
2051 1720 2251 1777 imma-

269 1801 443 1857 nem!
500 1798 562 1856 t'u
591 1799 814 1876 ingredi
857 1799 1014 1857 issam
1059 1799 1292 1855 domum
1335 1816 1510 1855 ausus
1534 1800 1642 1856 es'l
1698 1810 1760 1857 tu
1789 1798 1927 1856 illud
1956 1798 2248 1856 sanctissi-

269 1897 434 1935 mum
482 1878 657 1935 limen
702 1878 955 1936 intrare?
1022 1887 1083 1933 tu
1133 1877 1359 1934 illarum
1384 1876 1621 1950 ‚az-dium
1670 1876 1799 1933 Diis
1843 1876 2149 1951 penatibus
2183 1890 2250 1933 os

269 1956 820 2033 importunissimum
848 1954 1198 2013 ostendere?
1275 1953 1476 2016 Quam
1518 1955 1751 2012 domum
1793 1954 2124 2030 aliquandiu
2151 1973 2252 2011 ne-
2281 1950 2356 2011 Ἃ

269 2054 370 2092 mo
400 2035 696 2110 adspicere
734 2044 975 2110 poterat,
1021 2052 1191 2091 nemo
1234 2034 1362 2091 sine
1404 2033 1674 2108 lacrymis
1715 2032 2024 2108 praeterire,
2055 2033 2165 2088 hac
2192 2043 2250 2089 te

271 2114 337 2172 in
366 2114 538 2171 domo
563 2114 782 2171 tamdiu
823 2113 1097 2171 diversari
1140 2131 1255 2169 non
1284 2112 1500 2187 pudet'l
1557 2111 1619 2168 in
1662 2111 1795 2186 quii,
1823 2109 2080 2186 quamvis
2106 2109 2250 2167 nihil

272 2193 487 2267 sapias,
516 2202 711 2265 tamen
739 2192 881 2249 nihil
910 2192 1014 2249 tibi
1042 2201 1227 2268 potest
1252 2209 1382 2248 esse
1403 2189 1745 2265 jucundum.
2357 2241 2361 2245 .

356 2269 655 2329 XXVIII.
739 2272 836 2328 An
864 2281 947 2337 tu,
978 2270 1076 2328 illa
1103 2270 1162 2327 in
1206 2267 1489 2326 vestibulo
1515 2279 1715 2338 rostra,
1744 2265 1944 2343 spolia,
1973 2263 2110 2323 cum
2154 2265 2253 2323 ad·

274 2348 536 2423 spexisti,
563 2349 797 2406 domum
838 2359 997 2406 tuam
1024 2359 1082 2406 te
1124 2346 1359 2405 introire
1400 2347 1611 2422 putas'l
1693 2344 1848 2404 Fieri
1890 2364 2007 2403 non
2048 2354 2249 2421 potest.
2283 2355 2356 2410 25

270 2427 562 2489 Quamvis
587 2427 745 2485 enim
772 2426 897 2485 sine
935 2437 1147 2497 mente,
1175 2426 1301 2483 sine
1344 2444 1518 2482 sensu
1566 2424 1664 2494 sis,
1693 2432 1756 2482 ut
1796 2443 1893 2495 es3
1955 2434 2149 2481 tamen
2190 2434 2250 2481 et

273 2515 355 2576 te,
383 2516 443 2563 et
470 2515 592 2578 tua,
619 2517 679 2564 et
705 2516 853 2578 tuoS,
882 2504 1052 2563 nosti.
1135 2503 1268 2562 Nec
1309 2502 1448 2561 vero
1488 2513 1545 2561 te
1586 2521 1857 2579 unquam,
1886 2520 2073 2578 neque
2112 2502 2254 2578 vigi-

274 2584 496 2641 lantem
525 2603 712 2661 neque
741 2585 801 2642 in
828 2585 1063 2656 somnis,
1103 2584 1279 2641 credo
1308 2591 1502 2639 mente
1528 2601 1693 2658 posse
1722 2581 2050 2639 consistere.
2133 2579 2193 2638 N
2194 2600 2253 2638 e-

275 2681 442 2720 cesse
469 2673 577 2733 est,
604 2663 864 2739 quamvis
902 2663 1001 2733 sis,
1030 2672 1093 2720 ut
1131 2682 1215 2733 es,
1247 2659 1585 2740 [violentus]
1616 2673 1676 2718 et
1722 2659 1935 2731 furens,
1963 2657 2100 2717 cum
2146 2658 2253 2718 tibi

273 2741 510 2816 objecta
548 2740 623 2798 sit
657 2741 883 2817 species
922 2741 1231 2817 singularis
1270 2739 1398 2809 viri,
1438 2738 1797 2815 perterritum
1840 2749 1897 2797 te
1937 2738 2011 2796 de
2050 2756 2252 2796 somno
2284 2747 2357 2802 m

274 2820 541 2891 excitari,
571 2820 760 2877 furere
799 2820 974 2877 etiam
1014 2838 1166 2895 saepe
1200 2818 1550 2895 vigilantem.
1633 2816 1735 2874 Me
1761 2817 1992 2893 quidem
2022 2817 2254 2875 miseret

273 2898 563 2975 parietum
592 2898 841 2974 ipsorum
875 2909 1043 2974 atque
1069 2907 1370 2955 tectorum.
1450 2895 1616 2958 Quid
1659 2895 1813 2953 enim
1862 2912 2115 2971 uuquam
2156 2895 2254 2951 do-

276 2996 408 3034 mus
446 2976 545 3034 illa
591 2977 829 3047 viderat,
857 2977 968 3033 nisi
997 2976 1292 3052 pudicum,
1320 2974 1434 3031 nisi
1460 2994 1534 3032 ex
1558 2974 1773 3049 optimo
1801 2992 1977 3042 more,
2005 2982 2065 3030 et
2089 2990 2256 3029 sanc·

276 3055 502 3113 tissima
536 3055 900 3131 disciplina!
982 3055 1119 3112 Fuit
1159 3054 1314 3112 enim
1366 3052 1460 3110 ille
1503 3054 1609 3123 vir,
1655 3053 1852 3108 Patres
1905 3049 2254 3124 Conscripti,

279 3133 462 3211 (sicut
489 3133 678 3213 scitis)
710 3131 846 3191 cum
874 3131 1010 3191 soris
1037 3134 1246 3203 claruS,
1275 3143 1395 3189 tum
1425 3131 1580 3188 domi
1623 3128 2025 3197 admirandus3
2069 3145 2253 3204 neque
2288 3132 2361 3188 35

275 3213 453 3270 rebus
492 3205 747 3270 externis
786 3212 972 3288 magis
1011 3210 1353 3280 laudandus,
1381 3209 1554 3284 quam
1596 3206 1868 3266 institutis
1908 3204 2254 3263 domesticis.

278 3290 477 3367 Hujus
516 3290 578 3348 in
619 3291 873 3361 sedibus,
914 3309 1017 3366 pro
1056 3289 1343 3348 cubiculis
1383 3287 1627 3357 stabula,
1655 3305 1757 3362 pro
1797 3284 2063 3343 tricliniis
2101 3281 2258 3372 popi3

276 3388 389 3440 nae,
428 3374 582 3426 sunt.
664 3368 792 3426 Etsi
827 3369 947 3445 jam
990 3379 1178 3445 negat.
1261 3365 1479 3437 Nolite,
1521 3365 1697 3423 nolite
1723 3383 1994 3440 quaerere.
2077 3361 2259 3437 Frugi

249 3447 470 3505 ·factus
495 3457 618 3505 est:
640 3447 895 3504 'mimam
924 3447 1080 3504 illam
1107 3465 1270 3503 suam
1301 3462 1436 3502 suas
1463 3464 1555 3502 res
1581 3444 1692 3500 sibi
1719 3444 1933 3500 habere
1967 3441 2155 3517 jussit,
2183 3457 2258 3496 ex

279 3524 611 3583 Duodecim
649 3525 930 3583 Tabulis:
1000 3526 1191 3583 claves
1237 3523 1487 3591 ademit;
1554 3521 1763 3598 exegit.
1842 3519 2043 3582 Quam
2089 3514 2256 3594 porro
2277 3519 2363 3580 ,40

280 3615 576 3680 spectatus
617 3604 781 3674 civis,
821 3602 993 3680 quam
1034 3603 1324 3678 probatus,
1354 3601 1538 3676 cujus·
1558 3619 1631 3657 ex
1670 3598 1828 3657 omni
1856 3599 1972 3655 vita
2001 3596 2142 3655 nihil
2170 3605 2261 3653 est

279 3683 599 3754 honestius,
627 3680 799 3758 quam
826 3680 979 3758 quod
1009 3701 1145 3753 cum
1170 3680 1358 3737 mima,
1377 3680 1516 3737 fecit
1551 3677 1895 3734 divortium?
1977 3677 2060 3733 At
2086 3673 2260 3751 quam

280 3759 489 3819 crebro
531 3771 772 3836 usurpat
799 3761 935 3818 “Et
975 3760 1175 3818 consul
1229 3769 1290 3816 et
1342 3756 1634 3814 Antonius
1654 3754 1706 3811 !'’
1752 3756 1863 3813 hoc
1914 3767 2002 3814 est
2042 3754 2259 3825 dicere,

281 3851 339 3896 et
381 3840 606 3912 consul,
647 3849 707 3897 et
748 3839 1268 3916 impudicissimus:
1310 3848 1372 3894 et
1411 3833 1634 3898 consul.
1681 3844 1741 3892 et
1778 3834 1949 3894 homo
1986 3831 2264 3910 nequissi-
