2667 4242
776 319 1051 370 ORATIO
1093 320 1169 369 m
1214 321 1288 370 M.
1323 313 1730 373 ANTONIUM.
2211 324 2332 389 149

236 460 504 519 habebat.
584 461 775 533 Quin',
805 462 895 520 his
938 461 1075 538 ipsis
1103 464 1475 541 temporibus,
1505 466 1660 524 domi
1689 466 1959 540 Caesaris,
1987 488 2223 545 percus-

234 560 351 610 sor,
398 542 472 597 ab
516 540 624 598 isto
669 542 897 613 missus,
940 543 1334 618 deprehensus
1378 544 1678 603 dicebatur
1720 565 1847 604 esse
1893 566 2027 606 cum
2055 548 2219 606 sica:

234 619 452 694 de0quo
479 620 678 677 Caesar
719 620 777 677 in
823 631 1051 692 senatu,
1083 621 1277 698 aperte
1323 622 1384 680 in
1425 632 1482 680 te
1524 623 1822 696 invehens,
1851 639 2087 701 questus
2113 637 2219 685 est.

233 697 632 756 Proficiscitur
681 698 739 755 in
772 699 1115 775 Hispaniam
1144 701 1362 772 Caesar,
1392 702 1595 777 paucis
1623 702 1727 760 tibi
1758 704 1830 761 ad
1858 705 2219 777 solvendum,

233 787 466 853 propter
493 777 748 853 inopiam
788 788 969 849 tuam,
1010 780 1326 856 prorogatis
1369 781 1589 839 diebus,
1694 780 1789 840 Ne
1836 793 1959 842 tum
1986 784 2219 860 quidem
2285 786 2326 841 δ

233 856 510 930 sequeris,
611 855 764 914 Tam
813 857 998 915 bonus
1039 859 1321 935 gladiator
1363 860 1562 917 rudem
1605 869 1722 917 tam
1752 859 1870 919 cito
1901 863 2220 939 accepisti?

234 933 419 992 Hunc
464 934 638 1011 igitur
679 936 1001 1010 quisquam,
1038 938 1136 1012 qui
1183 938 1240 994 in
1285 938 1407 994 suis
1448 938 1726 1015 partibus,
1775 939 1833 997 id
1874 952 1982 1013 est,
2010 940 2071 999 in
2099 942 2220 1000 suis

235 1012 501 1084 fortunis}
531 1023 649 1071 tam
676 1014 912 1072 timidus
940 1015 1129 1087 suerit,
1157 1017 1567 1092 pertimescat?

320 1091 528 1149 XXX.
617 1092 918 1151 Profectus
965 1105 1054 1152 est
1096 1096 1327 1152 tandem
1378 1095 1684 1171 aliquando
1726 1096 1788 1154 in
1835 1097 2182 1173 Hispaniam

233 1171 342 1229 sed
368 1169 516 1241 tuti),
544 1180 608 1228 ut
637 1171 735 1242 ait,
762 1173 1061 1248 pervenire
1101 1173 1445 1249 nonpotuit.
1526 1173 1806 1235 Quonam
1833 1176 2004 1234 modo
2045 1177 2219 1254 igitur
2255 1174 2330 1230 16

233 1249 542 1308 Dolabella
579 1251 881 1326 pervenit!
993 1253 1115 1309 Aut
1154 1272 1271 1309 non
1312 1251 1684 1328 suscipienda
1724 1253 1828 1311 fuit
1872 1254 1982 1312 ista
2021 1273 2218 1327 causa,
2243 1265 2255 1274 '

235 1329 496 1400 Antoni3
553 1339 672 1401 aut,
713 1326 850 1388 cum
891 1331 1263 1406 suscepisses»,
1292 1331 1660 1389 defendenda
1701 1352 1881 1407 usque
1925 1332 1999 1390 ad
2038 1343 2223 1390 extre-

233 1427 416 1466 mum.
525 1407 648 1465 Ter
689 1408 1040 1486 depugnavit
1080 1409 1278 1467 Caesar
1319 1429 1454 1467 cum
1497 1410 1740 1483 civibus,
1783 1411 1843 1469 in
1886 1410 2218 1482 Thessali&

236 1486 466 1557 Africa,
523 1487 825 1563 Hispania.
927 1486 1219 1546 On'mibus
1268 1489 1433 1546 affuit
1485 1490 1574 1546 his
1620 1490 1831 1566 pugnis
1880 1490 2184 1548 Dolabella
2202 1507 2228 1547 t·

235 1565 299 1623 in
351 1566 728 1641 Hispaniensi
770 1566 945 1624 etiam
995 1567 1205 1625 vulnus
1249 1567 1492 1644 accepit.
1592 1568 1658 1625 Si
1702 1570 1775 1626 de
1824 1587 1953 1627 meo
1994 1568 2220 1645 judicio
2254 1561 2332 1622 1⁵

234 1645 484 1719 quaeris;
530 1645 739 1702 nollem
764 1664 780 1702 ε
820 1646 921 1702 sed
964 1655 1157 1703 tamen
1187 1648 1493 1703 consilium
1523 1665 1556 1722 a
1582 1646 1767 1722 primo
1794 1649 2221 1724 reprehenden-

236 1725 398 1793 dum,
442 1724 734 1781 laudanda
779 1724 1121 1782 constantia.
1227 1724 1325 1782 Tu
1375 1723 1509 1783 vero
1564 1726 1702 1801 quid
1758 1729 2002 1785 censes?
2101 1728 2216 1784 Cn.

237 1802 498 1878 Pompeii
543 1802 709 1860 liberi
750 1800 1000 1877 primum
1053 1803 1296 1879 patriam
1345 1805 1697 1879 repetebant.
1809 1806 1984 1864 Esto:
2047 1805 2221 1863 fuerit

238 1882 365 1938 haec
392 1881 641 1957 partium
684 1900 863 1938 causa
902 1883 1242 1939 communis,
1345 1883 1717 1958 Repetebant
1757 1898 2034 1960 praeterea
2062 1884 2220 1941 Deos

237 1960 472 2037 patrios,
504 1979 650 2031 aras,
680 1959 856 2030 socos,
885 1961 1062 2017 larem
1085 1980 1252 2018 suum
1280 1961 1656 2031 familiarem3
1714 1963 1772 2019 in
1817 1983 1945 2039 quae
1973 1974 2036 2020 tu
2065 1963 2221 2019 inva-
2252 1964 2341 2023 20⁴·

238 2058 414 2097 seras,
500 2039 649 2097 Haec
694 2058 826 2096 cum
857 2050 1182 2115 repeterent
1212 2041 1385 2097 armis
1414 2041 1473 2111 ii,
1503 2060 1742 2116 quorum
1771 2051 1934 2098 erant
1961 2040 2185 2118 legibus
2203 2052 2232 2111 3·
2267 2090 2270 2093 ,

238 2114 348 2176 etsi
374 2119 433 2175 in
463 2119 636 2175 rebus
677 2118 1049 2193 iniquissimis
1074 2116 1211 2193 quid
1254 2129 1440 2195 potest
1480 2138 1607 2176 esse
1637 2119 1825 2195 aequi'l
1880 2128 2075 2176 tamen
2099 2128 2234 2176 erat‘

240 2197 649 2274 Quissimum,
693 2208 895 2255 contra
929 2198 1041 2255 Cn.
1066 2198 1325 2273 Pompeii
1368 2198 1597 2264 liberos,
1641 2198 1751 2256 Cn.
1782 2197 2042 2274 Pompeii
2080 2217 2224 2274 pug-

239 2295 380 2334 nare
408 2285 465 2333 te
493 2286 793 2334 sectorem.
878 2278 976 2334 An
1018 2286 1081 2334 tu
1121 2276 1400 2335 Narbone
1428 2295 1658 2334 mensas
1700 2276 1986 2352 hospitum
2013 2295 2223 2335 convo·
2320 2342 2324 2351 ,

242 2374 448 2425 meres,
479 2355 780 2413 Dolabella
809 2374 912 2431 pro
939 2366 995 2413 te
1024 2355 1083 2412 in
1116 2355 1403 2431 Hispania
1430 2355 1776 2413 dimicaret?
2251 2369 2327 2424 25

317 2433 447 2496 Qui
487 2432 623 2491 vero
669 2432 945 2491 Narbone
989 2434 1247 2491 reditus?
1303 2445 1364 2491 et
1389 2444 1584 2491 tamen
1627 2434 1938 2510 quaerebat,
1980 2452 2085 2492 cur
2111 2453 2222 2510 ego

239 2532 313 2571 ex
341 2513 471 2588 ipso
508 2532 681 2573 cursu
725 2523 841 2570 tam
881 2511 1072 2570 subito
1115 2513 1494 2572 revertissem.
1597 2512 1852 2589 Exposui
1881 2532 2083 2589 nuper,
2112 2513 2222 2571 Pa-

239 2602 356 2649 tres
410 2592 762 2668 Conscripti,
817 2611 1053 2650 causam
1108 2592 1326 2649 reditfis
1381 2592 1512 2649 mei.
1621 2592 1816 2662 Volui,
1872 2593 1921 2649 si
1972 2611 2218 2669 possem,

242 2670 420 2728 etiarn
452 2681 585 2728 ante
613 2671 905 2728 calendas
943 2670 1271 2740 Januarias,
1300 2671 1569 2746 prodesse
1609 2671 1958 2746 reipublicae.
2042 2669 2219 2741 Nam,

239 2751 395 2825 quod
437 2751 754 2824 quaerebas,
781 2750 1065 2825 quomodo
1097 2747 1408 2820 redissem3
1451 2747 1697 2825 primum
1727 2751 1877 2820 luce,
1908 2769 2022 2808 non
2063 2760 2221 2807 tene-
2253 2762 2344 2818 30*

246 2829 404 2897 bris;
445 2828 657 2886 deinde
698 2846 832 2886 cum
875 2828 1091 2886 calceis
1130 2839 1189 2885 et
1229 2829 1384 2904 toga,
1436 2829 1607 2886 nullis
1660 2848 1772 2886 nec
1813 2829 2056 2887 Gallicis
2110 2846 2224 2886 nec
2294 2893 2298 2897 ,

240 2906 499 2964 lacerna.
584 2909 667 2965 At
693 2908 868 2964 etiam
898 2907 1150 2982 adspicis
1178 2926 1292 2977 me,
1319 2917 1379 2964 et
1406 2907 1657 2981 quidem,
1681 2918 1744 2964 ut
1771 2908 1998 2978 videris,
2024 2907 2218 2964 iratus.

245 2985 358 3043 Nae
401 2996 464 3043 tu
516 2985 636 3061 jam
678 3004 908 3044 mecum
948 2986 1007 3043 in
1048 2985 1291 3062 gratiam
1332 2988 1556 3057 redeaS‚
1598 2986 1648 3043 si
1689 2986 1860 3055 scias,
1909 2984 2081 3060 quam
2131 3003 2225 3041 me

242 3066 459 3140 pudeat
496 3064 763 3140 nequitias
802 3075 937 3134 tuae,
967 3063 1132 3139 cujus
1167 3075 1227 3121 te
1263 3064 1451 3139 ipsum
1489 3083 1602 3121 non
1642 3063 1833 3138 pudet.
1918 3062 2010 3119 Ex
2045 3062 2227 3118 omni-

243 3144 351 3201 bus
393 3144 655 3200 omnium
699 3143 950 3220 flagitiis,
999 3144 1218 3200 nullum
1268 3144 1490 3218 turpius
1546 3142 1683 3211 vidi,
1734 3140 1954 3197 nullum
2014 3139 2224 3196 audivi.
2260 3140 2338 3204 35

240 3221 372 3284 Qui
430 3221 702 3298 magister
755 3222 1011 3297 equitum
1067 3222 1242 3279 fuisse
1295 3222 1402 3277 tibi
1458 3220 1734 3290 viderere,
1791 3218 1849 3276 in
1905 3218 2228 3294 proximum

243 3320 464 3358 annum
495 3301 857 3357 consulatum
885 3311 1127 3374 petereS,
1158 3301 1243 3356 vel
1273 3298 1466 3374 potius
1494 3316 1763 3375 rogares3
1809 3299 1875 3369 is,
1904 3316 2006 3373 per
2042 3296 2230 3353 muni-

243 3380 400 3455 cipia
441 3380 810 3454 coloniasque
850 3379 1073 3449 Galliae,
1120 3397 1152 3436 a
1192 3379 1307 3453 qua
1361 3397 1467 3434 nos
1519 3389 1661 3448 tum,
1706 3376 1840 3437 cum
1897 3374 2232 3434 consulatus

245 3459 564 3534 petebatur,
594 3476 709 3515 non
738 3458 1062 3533 rogabatur,
1091 3467 1285 3532 petere
1314 3456 1678 3514 consulatum
1720 3456 2063 3525 solebamuS,
2094 3470 2231 3511 cum

242 3536 487 3594 Gallicis
515 3547 573 3592 et
600 3537 835 3593 lacerna
863 3536 1184 3594 cucurristi.
2261 3532 2336 3593 40

321 3614 563 3673 XXXI.
649 3616 730 3672 At
779 3616 967 3672 videte
1011 3616 1299 3673 levitatem
1345 3613 1610 3671 hominis,
1711 3610 1865 3668 Oum
1924 3609 2065 3667 hora
2112 3609 2231 3666 diei

243 3694 475 3752 decima
519 3692 639 3751 fere
685 3694 755 3750 ad
813 3695 966 3750 Saxa
1020 3694 1226 3750 Rubra
1279 3693 1550 3761 venisset,
1593 3691 1818 3747 delituit
1866 3689 1926 3746 in
1979 3688 2231 3764 quadam

244 3773 594 3849 cauponula,
626 3785 794 3847 atque
837 3772 915 3828 ibi
958 3792 1021 3829 se
1059 3772 1383 3841 occultanS,
1421 3770 1739 3845 perpotavit
1782 3768 1853 3825 ad
1896 3784 2230 3844 vesperum:

244 3853 383 3912 inde
410 3853 558 3910 cisio
586 3852 864 3987 celerlitgug¹¹
880 3851 950 3908 ad
983 3851 1197 3909 Urbem
1242 3850 1537 3919 advectus»,
1567 3847 1800 3906 domum
1844 3847 1999 3904 venit
2042 3845 2234 3924 capite
