2667 4242
1522 0 1562 11 ἢ
1593 16 1840 86 ‘N

588 168 710 267 ,Ὗ

649 276 922 389 oaAT1o
966 310 1179 362 1V.·1N
1223 313 1284 362 L.
1331 310 1756 362 οΑΤῙιῙΝΑΜ.
2216 314 2304 379 3⁷

199 455 439 513 summa
481 455 783 513 severitate
822 467 1095 514 versatur.
1181 457 1350 529 Alter
1375 472 1507 528 eos,
1548 455 1647 531 qui
1688 474 1792 514 nos
1830 472 2053 526 omnes,
2094 452 2194 531 qui

197 536 482 612 Populum
525 535 878 606 Romanum,
908 537 1023 593 vita
1062 536 1286 612 privare
1326 537 1519 593 conati
1555 544 1714 605 sunt,
1742 534 1841 610 qui
1870 535 2064 592 delere
2091 535 2196 592 im·
2242 491 2604 570 Χ

197 613 455 690 perium,
479 614 575 688 qui
603 616 794 690 populi
816 615 1069 673 Romani
1093 632 1301 672 nomen
1331 616 1717 691 exstinguere,
1746 623 2026 689 punctum
2053 624 2195 670 tem-

196 695 361 769 poris
403 693 515 750 frui
545 694 681 765 vita,
710 704 769 750 et
808 694 919 751 hoc
959 693 1250 761 communi
1291 694 1514 769 spiritu,
1543 713 1657 750 non
1690 702 1851 768 putat
1894 701 2190 768 oportere3

200 781 384 847 atque
413 772 524 830 hoc
551 791 735 849 genus
760 770 942 849 poenae
971 792 1120 849 saepe
1163 772 1222 829 in
1266 771 1551 848 improbos
1571 772 1734 829 cives
1762 771 1821 828 in
1850 771 1964 827 hac
1989 771 2195 851 repub-
2257 767 2298 822 ὅ

194 850 321 907 lica
366 870 497 908 esse
537 862 871 927 usurpatum
913 853 1263 909 recollatur.
1348 852 1516 908 Alter
1556 847 1845 926 intelligit,
1875 858 2115 909 mortem
2157 866 2196 907 a

194 928 338 986 Diis
370 930 788 988 immortalibus
830 950 945 988 non
988 950 1114 988 esse
1157 929 1423 1006 supplicii
1467 928 1644 986 causa
1672 928 2060 999 constitutam,
2088 929 2193 986 sed

197 1019 304 1064 aut
333 1008 747 1065 necessitatem
773 1018 1013 1080 naturae,
1045 1017 1144 1066 aut
1168 1009 1429 1066 laborum
1461 1026 1531 1065 ac
1558 1008 1917 1069 miseriarum
1938 1007 2192 1081 quietem

195 1090 352 1144 esse.
429 1087 633 1163 Itaque
655 1106 783 1145 eam
804 1089 1091 1164 sapientes
1112 1105 1407 1162 nunquam
1438 1085 1620 1157 inviti,
1640 1085 1812 1143 fortes
1838 1086 2012 1142 etiam
2040 1103 2194 1161 saepe

194 1165 481 1236 libenter,
509 1166 917 1241 oppetiverunt.
998 1167 1256 1224 Vincula
1281 1162 1439 1234 vero,
1469 1175 1527 1221 et
1552 1184 1624 1221 ea
1649 1164 2012 1240 sempiterna,
2029 1162 2190 1222 certe
2227 1157 2298 1219 1⁴

198 1244 279 1300 ad
303 1244 661 1320 singularem
680 1257 907 1320 poenam
925 1245 1132 1302 nefarii
1150 1244 1385 1301 sceleris
1403 1243 1637 1300 inventa
1652 1253 1801 1300 sunt.
1884 1242 2193 1319 Municipi-

196 1322 250 1379 is
281 1323 578 1399 dispertiri
599 1322 780 1398 jubet.
834 1323 1100 1395 *Habere
1120 1323 1342 1380 videtur
1370 1322 1483 1379 ista
1508 1340 1599 1378 res
1626 1322 2006 1396 iniquitatem,
2023 1321 2072 1378 si
2089 1321 2194 1378 im-

195 1420 412 1476 perare
454 1402 630 1471 velis3
674 1394 1092 1473 difficultatem,
1123 1402 1171 1460 si
1204 1418 1424 1478 rogare.
1509 1399 1872 1458 Decernatur
1899 1408 2114 1470 tamen,
2141 1398 2192 1457 si
2337 1346 2434 1456 “l‘'

195 1481 417 1555 placet.
500 1481 629 1557 Ego
667 1482 823 1538 enim
865 1481 1195 1557 suscipiam,
1225 1490 1301 1551 et,
1332 1489 1397 1536 ut
1437 1498 1619 1556 spero,
1651 1479 1951 1554 reperiam,
1980 1478 2079 1554 qui
2107 1476 2189 1550 id,

200 1560 359 1633 quod
403 1560 601 1616 salutis
640 1560 898 1616 omnium
939 1554 1118 1617 causa
1158 1558 1491 1629 statueritiS,
1522 1577 1637 1616 non
1676 1568 1879 1634 putent
1917 1576 2045 1616 esse
2071 1574 2192 1616 suae
2226 1554 2297 1611 1³

207 1636 510 1714 dignitatis
538 1658 824 1695 recusare.
859 1664 897 1711 ⁶.

284 1717 575 1793 Adjungit
602 1736 833 1793 gravem
850 1714 1079 1793 poenam'
1093 1715 1515 1792 ·municipibuS‚
1533 1714 1583 1773 si
1600 1715 1729 1791 quis
1743 1732 1942 1773 eorum
1958 1714 2194 1773 vincula

202 1797 458 1871 ruperit:
504 1797 802 1853 horribiles
835 1797 1127 1853 custodias
1159 1796 1515 1865 circumdat3
1557 1792 1620 1852 et
1643 1796 1820 1871 digna
1847 1793 2068 1852 scelere
2083 1795 2240 1873 ,ho--

201 1875 431 1930 minum
458 1875 807 1950 perditorum
849 1875 1071 1931 sancit:
1112 1893 1187 1931 ne
1214 1874 1344 1949 quis
1387 1892 1584 1931 eorum
1609 1886 1860 1949 poenam,
1883 1882 2032 1948 quos
2057 1890 2194 1939 con-

203 1950 464 2017 ·lemnat,
508 1963 606 2010 aut
660 1972 759 2030 per
814 1963 1078 2010 senatum
1121 1946 1221 2009 aut
1272 1971 1374 2029 per
1416 1953 1706 2028 populum,
1750 1952 1942 2010 levare
1977 1952 2188 2028 possit:
2221 1952 2302 2013 m
2323 1991 2328 1996 ·

201 2043 379 2107 eripit
420 2032 593 2088 etiam
637 2051 815 2107 spem,
843 2043 983 2106 ‘quae
1021 2032 1147 2088 sola
1187 2028 1479 2088 hominem
1521 2032 1580 2087 in
1622 2030 1869 2087 miseriis
1909 2029 2192 2087 consolari
2315 2035 2319 2040 '

203 2110 370 2166 nolet.
455 2110 619 2166 Bona
656 2122 932 2184 praeterea
963 2110 1245 2184 publicari
1273 2109 1472 2184 jubet:
1514 2110 1690 2164 vitam
1717 2109 1896 2165 solam
1923 2107 2195 2182 relinquit

94 2260 102 2271 ι
205 2188 451 2244 nefariis
479 2188 839 2256 hominibus3
882 2206 1053 2262 quam
1083 2187 1131 2244 si
1160 2187 1482 2262 eripuisset,
1515 2185 1799 2268 [multoS,]
1833 2206 1950 2244 uno
1979 2186 2192 2257 dolore,

208 2265 397 2323 ‘inimi
441 2277 609 2340 atque
651 2266 920 2342 corporiS,
948 2275 1007 2322 et
1045 2264 1245 2325 omnes
1284 2264 1570 2322 scelerum
1608 2284 1824 2341 poenaS,
1869 2265 2191 2322 ademisset.

210 2344 422 2419 ’ltaque
453 2355 513 2401 ut
543 2345 734 2420 aliqua
774 2333 832 2402 ir'i
874 2345 990 2402 vita
1032 2332 1273 2402 formido
1313 2343 1584 2419 improbis
1624 2354 1774 2401 esset
1811 2343 2012 2421 posita,
2043 2344 2192 2420 apud
2223 2348 2302 2407 ἦ

209 2423 430 2480 inferos
448 2423 725 2499 ejusmodi
744 2424 1003 2498 quaedam
1027 2422 1107 2480 illi
1129 2422 1350 2497 antiqui
1370 2422 1649 2498 supplicia
1676 2423 1865 2499 impiis
1882 2423 2193 2481 constituta

207 2518 340 2558 esse
371 2503 670 2559 voluerunt
686 2522 700 2571 3
743 2501 898 2577 quod
926 2500 1194 2559 'videlicet
1220 2501 1639 2578 intelligebant,
1663 2502 1760 2559 -his
1794 2501 2045 2574 remotis,
2073 2522 2189 2563 non

206 2599 346 2637 esse
366 2594 607 2638 mortem
638 2581 817 2657 ipsam
845 2580 1381 2657 pertimescendam.
2329 2624 2336 2657 ·.

288 2659 363 2716 V.
432 2659 631 2730 Nunc,
674 2661 877 2717 Patres
928 2659 1274 2735 Conscripti,
1316 2675 1446 2736 ege,
1488 2658 1638 2731 mea,
1679 2660 1865 2731 video,
1909 2660 2047 2737 quid
2103 2660 2190 2719 in·
2269 2664 2366 2721 '‘i*

208 2739 387 2795 tersit.
473 2739 537 2796 Si
592 2740 751 2809 eritis
805 2739 989 2796 secuti
1043 2738 1394 2796 sententiam
1445 2738 1513 2797 G.
1571 2739 1850 2810 Caesaris3
1918 2740 2189 2815 quoniam
2221 2742 2296 2801 m

208 2817 364 2874 hanc
393 2818 442 2874 is
469 2819 529 2875 in
557 2817 853 2894 republica
884 2818 1051 2889 viam,
1074 2836 1199 2893 quae
1226 2816 1514 2894 popularis
1541 2819 1803 2890 habetur,
1825 2828 2060 2876 secutus
2080 2829 2188 2890 est,

209 2894 671 2954 fortasseminus
699 2907 887 2967 erunt,
905 2898 1016 2954 hoc
1046 2906 1279 2954 auctore
1307 2904 1367 2954 et
1394 2896 1687 2972 cognitore
1705 2890 1946 2973 hujusce
1963 2909 2190 2956 senten-

209 2974 325 3045 tiae,
350 2976 489 3032 mihi
518 2975 816 3051 populares
839 2976 1083 3051 impetus
1102 2974 1584 3050 pertimescendi:
1626 2976 1716 3033 sin
1739 2976 1896 3049 illam
1918 2975 2188 3045 alteram3

210 3055 428 3124 nescio,
472 3073 546 3111 an
603 3055 846 3129 amplius
902 3054 1044 3111 mihi
1099 3054 1315 3130 negotii
1365 3056 1752 3112 contrahatur.
1836 3055 1954 3112 Sed
1994 3064 2190 3111 tamen

211 3150 467 3189 meorum
495 3133 881 3210 periculorum
909 3133 1159 3191 rationes
1186 3132 1405 3190 utilitas
1432 3133 1763 3209 reipublicae
1790 3133 2000 3189 vincat.
2071 3131 2191 3187 Ha-
2223 3130 2297 3187 35
2327 3160 2568 3192 ο--ι-η,

212 3211 414 3267 bemus
453 3212 608 3268 enim
653 3230 686 3268 a
726 3212 794 3269 C.
839 3212 1071 3269 Caesare
1109 3211 1290 3288 (sicut
1319 3211 1497 3287 ipsius
1524 3212 1795 3287 dignitas,
1824 3220 1883 3268 et
1909 3210 2191 3285 majorum

210 3289 336 3364 ejus
366 3290 696 3365 amplitudo,
722 3291 1073 3425 postulabat?
1104 3291 1469 3360 sententiam,
1488 3300 1762 3364 tanquam
1783 3290 2041 3346 obsidem
2068 3305 2193 3361 per-

211 3379 397 3441 petum
440 3371 499 3424 in
529 3369 939 3445 rempublicam
979 3388 1051 3427 vo
1073 3370 1304 3427 natatis,
1389 3368 1760 3427 Intellectum
1802 3378 1907 3437 est,
1936 3365 2075 3442 quid
2110 3365 2195 3420 in·
2227 3406 2236 3417 .

122 3468 127 3473 ·
212 3444 379 3503 tei-sit
406 3446 551 3503 iuter
579 3447 867 3505 levitatem
897 3448 1388 3519 concionatorum,
1419 3456 1478 3506 et
1520 3443 1940 3503 animum‘vere
1964 3442 2195 3520 popula·
2249 3462 2338 3484 -μ

210 3535 356 3593 rem,
389 3523 556 3581 saluti
584 3526 772 3603 populi
802 3528 1215 3585 consulentem.
1837 3554 1843 3561 ·

291 3604 499 3675 Video,
528 3606 601 3661 de
641 3605 765 3662 istis
805 3605 903 3680 qui
946 3625 1007 3662 se
1046 3604 1348 3680 populares
1374 3603 1576 3660 haberi
1604 3601 1820 3670 volunt,
1850 3601 2051 3661 abesse
2078 3619 2193 3659 non

216 3676 523 3754 neminem,
553 3704 627 3743 ne
656 3685 728 3741 de
758 3684 947 3761 capite
974 3683 1246 3740 videlicet
1288 3682 1503 3739 civium
1545 3680 1941 3736 Romanorum
1970 3689 2196 3738 senten·

212 3760 353 3818 tiam
382 3760 542 3823 ferat.
627 3763 688 3819 Is
715 3772 773 3819 et
801 3762 1217 3819 nudiustertius
1245 3760 1304 3816 in
1340 3758 1661 3815 custodiam
1704 3757 1858 3815 cives
1899 3759 2195 3817 Romanos

214 3840 391 3913 dedit,
427 3848 485 3898 et
529 3840 1008 3918 supplicationem
1051 3838 1196 3895 mihi
1238 3826 1516 3903 decrevit,
1559 3843 1617 3890 et
1660 3833 1883 3893 indices
1929 3838 2197 3893 hesterno

2229 3933 2657 4196 ,s
