2667 4242
136 672 217 690 *Q

658 333 934 383 oaA'no
978 334 1119 384 pao
1162 334 1224 385 Τ.
1265 294 1496 384 Annio
1542 333 1840 385 MILONE.
2225 340 2337 401 ιιι

252 492 426 551 quem
455 474 504 532 si
533 475 629 550 qui
659 486 784 535 tum
816 475 1216 552 interemisset,
1246 499 1360 538 non
1391 479 1464 538 de
1493 479 1836 556 impunitate
1863 480 2006 559 ejus,
2035 481 2139 539 sed
2166 482 2241 541 do

248 554 524 630 praemiiS,
555 556 921 632 cogitaretur.
1993 564 1997 573 ’

334 632 567 691 Tamen
596 653 657 691 se
687 635 834 693 Milo
876 637 1176 710 continuit,
1206 648 1264 696 et
1295 638 1359 695 P.
1392 636 1663 694 Clodium
1706 637 1777 695 ad
1801 637 2086 714 judicium
2128 640 2236 713 bis,

252 708 327 769 ad
383 711 498 769 vim
546 733 863 789 nunquam,
918 717 1157 791 vocavit.
1238 716 1450 778 Quid?
1497 716 1719 792 privato
1759 715 2000 789 Milone,
2043 729 2101 776 et
2141 739 2241 778 reo

251 790 328 848 ad
373 791 667 867 populum,
718 805 1029 852 accusante
1077 796 1141 853 P.
1171 794 1398 866 Clodio,
1447 793 1583 852 cum
1631 794 1689 852 in
1740 795 1850 853 Cn.
1899 796 2241 874 Pompeium
2302 800 2341 854 5

245 888 355 945 pro
383 869 605 929 Milone
634 871 921 931 dicentem
954 873 1198 950 impetus
1226 874 1415 932 factus
1442 883 1565 943 est3
1610 894 1737 950 quae
1759 884 1881 932 tum
1923 895 2038 934 non
2066 875 2239 934 modo

246 949 505 1020 occasio,
528 950 629 1007 sed
658 951 832 1008 etiam
861 971 1057 1024 causa,
1082 953 1234 1011 illius
1252 953 1614 1029 opprimendi
1645 953 1786 1011 fuit!
1856 953 2058 1031 Nuper
2079 953 2238 1027 vero,

186 1076 195 1081 .
247 1025 390 1085 cum
422 1029 505 1085 M.
538 1030 828 1088 Antonius
855 1050 1138 1089 summam
1188 1051 1350 1108 spem
1397 1031 1599 1089 salutis
1645 1030 1811 1090 bonis
1856 1033 2239 1092 omnibusat-

244 1107 497 1179 tulisset,
529 1107 1037 1186 gravissimamque
1087 1111 1425 1169 adolescens
1470 1110 1860 1168 nobilissimus
1899 1111 2234 1188 reipublicae

242 1196 474 1262 partem
525 1187 831 1245 fortissime
878 1189 1245 1266 suscepisset,
1304 1199 1476 1264 atque
1523 1188 1681 1246 illam
1720 1189 1994 1261 belluam,
2029 1189 2238 1266 judicii
2268 1194 2339 1249 10

241 1264 489 1340 laqueos
518 1266 926 1339 declinantem,
949 1268 1069 1344 jam
1120 1268 1401 1326 irretitam
1447 1277 1707 1338 teneret3
1752 1267 1848 1343 qui
1877 1267 2058 1340 locuS,
2088 1271 2240 1345 quod

242 1352 479 1421 tempus
506 1344 646 1402 illud
677 1344 804 1422 (Dii
835 1346 1185 1405 immortales
1207 1348 1250 1422 !)
1296 1346 1440 1404 fuit!
1526 1345 1681 1404 cam
1708 1366 1771 1405 se
1799 1346 1895 1404 ille
1925 1347 2151 1424 fugiens
2178 1348 2240 1408 in

242 1424 541 1481 scalarum
587 1426 857 1482 tenebras
907 1426 1240 1497 abdidisset,
1270 1445 1548 1503 magnum
1578 1425 1786 1484 Miloni
1816 1425 1924 1483 fuit
1950 1427 2240 1485 conficere

243 1501 410 1559 illam
438 1512 657 1577 pestem
686 1504 845 1562 nulla
867 1505 973 1562 sua
1001 1504 1239 1577 invidis,
1269 1504 1512 1563 Antonii
1553 1503 1689 1562 vero
1732 1504 1981 1561 maxima
2009 1505 2237 1582 gloria?

240 1581 463 1642 Quid?
506 1582 754 1640 comitiis
802 1583 861 1641 in
889 1583 1115 1660 Campo
1142 1584 1366 1660 quoties
1391 1592 1642 1660 potestas
1690 1582 1832 1641 fuit!
1877 1581 2013 1641 cum
2043 1583 2140 1642 ille
2180 1584 2237 1642 vi
2269 1585 2339 1639 15

243 1659 312 1718 in
343 1661 522 1735 Septa
551 1660 864 1736 irrupisset,
913 1662 1134 1739 gladios
1180 1662 1623 1739 distringendos,
1672 1662 1894 1738 lapides
1916 1661 2236 1738 jaciendoS,

244 1741 547 1809 curassem
591 1740 799 1799 deinde
828 1740 1040 1813 subito,
1070 1742 1229 1799 vultu
1259 1741 1496 1799 Milonis
1521 1741 1878 1817 perterrituS,
1910 1741 2135 1819 fugeret
2164 1742 2239 1800 ad

244 1818 556 1889 Tiberim3
599 1838 718 1890 νος,
767 1830 826 1878 et
864 1840 1065 1879 omnes
1107 1819 1243 1879 boni
1283 1829 1415 1879 vota
1457 1819 1745 1892 faceretiS,
1795 1830 1860 1878 ut
1899 1818 2111 1878 Miloni
2153 1820 2239 1878 uti

247 1897 460 1956 virtute
487 1897 591 1955 sua
617 1898 839 1958 liberet.

327 1976 502 2035 XVI.
570 1976 772 2039 Quem
827 1978 1003 2056 igitur
1064 1997 1198 2037 cum
1252 1976 1540 2037 omnium.
1572 1977 1759 2055 gratia
1818 1977 2022 2049 noluit,
2079 1978 2238 2036 hunc
2264 1976 2338 2030 20

244 2056 430 2114 voluit
472 2075 606 2115 cum
668 2057 986 2133 aliquorum
1048 2057 1328 2134 querela?
1409 2057 1610 2119 Quem
1661 2056 1811 2133 jure,
1867 2075 2040 2130 quem
2087 2057 2235 2129 loco,

247 2154 422 2209 quem
452 2145 723 2211 tempore,
754 2155 925 2212 quem
971 2135 1231 2212 impune,
1259 2155 1375 2194 non
1422 2144 1511 2193 est
1557 2153 1750 2205 ausus,
1799 2135 1957 2192 hunc
2003 2133 2235 2210 injuria,

246 2213 450 2289 iniquo
489 2215 635 2286 loco,
679 2214 867 2274 alieno
907 2224 1183 2290 tempore,
1223 2213 1485 2291 periculo
1526 2213 1753 2289 capitis,
1795 2232 1910 2270 non
1953 2212 2238 2270 dubitavit

243 2294 564 2351 occidere'l
604 2295 945 2368 praesertim,
987 2294 1235 2370 judices,
1266 2291 1404 2351 cum
1452 2292 1682 2351 honoris
1724 2290 2061 2368 amplissimi
2103 2311 2239 2349 con-

244 2372 449 2444 tentio,
491 2380 549 2430 et
589 2373 715 2431 dies
754 2373 1116 2432 comitiorum
1163 2373 1462 2441 subesset3
1525 2390 1639 2447 quo
1692 2371 1924 2447 quidem
1980 2378 2236 2447 tempore
2262 2367 2335 2422 25

249 2449 404 2529 (scio
451 2451 628 2523 enim,
678 2450 851 2527 quam
898 2452 1103 2510 timida
1157 2451 1231 2509 sit
1273 2449 1529 2522 ambitio,
1579 2460 1908 2526 quantaque
1960 2460 2020 2507 et
2060 2449 2236 2526 quarm

243 2530 498 2588 sollicita
545 2530 831 2606 cupiditas
878 2530 1238 2610 consulatus)
1287 2530 1484 2589 omnia
1511 2549 1622 2588 non
1667 2528 1859 2601 modo,
1889 2548 2015 2605 quae
2043 2549 2237 2605 repre·

243 2609 425 2667 hendi
451 2606 665 2685 palam,
694 2610 797 2681 sed
843 2611 1020 2669 etiam
1049 2629 1174 2685 quae
1203 2606 1449 2668 obscure
1491 2609 1733 2686 cogitari
1771 2618 2028 2684 possunt,
2070 2607 2235 2667 time-
2337 2632 2342 2635 ⁸

241 2707 412 2758 mus3
455 2708 763 2760 rumorem,
795 2689 1048 2747 fabulam
1090 2689 1305 2760 fictam,
1336 2688 1538 2746 falsam
1566 2688 2089 2763 perhorrescimus3
2132 2707 2235 2745 ora

239 2767 503 2825 omnium
533 2779 702 2843 atque
729 2768 927 2826 oculos
974 2768 1280 2826 intuemur.
1364 2766 1528 2824 Nihil
1559 2768 1713 2824 enim
1754 2777 1841 2825 est
1879 2777 1999 2824 tam
2041 2768 2231 2839 molle,
2258 2767 2331 2821 30

239 2856 363 2903 tam
424 2856 706 2918 tenerum,
754 2856 875 2905 tam
918 2857 1018 2904 aut
1066 2846 1268 2923 fragile
1317 2856 1416 2903 aut
1456 2844 1726 2916 flexibile,
1755 2844 1930 2920 quam
1971 2846 2233 2903 voluntas

239 2944 385 3002 erga
426 2944 548 2996 noS,
609 2944 948 3001 sensusque,
1004 2925 1253 2995 civium3
1316 2924 1416 2999 qui
1476 2944 1591 2982 non
1652 2924 1823 2982 modo
1880 2923 2230 2998 improbitati

238 3003 572 3063 irascuntur
619 3005 1078 3076 candidatorum,
1108 3005 1208 3062 sed
1237 3003 1413 3062 etiam
1443 3002 1501 3061 in
1542 3001 1703 3062 recte
1733 3002 1901 3060 factis
1928 3021 2079 3077 saepe
2121 3002 2233 3059 fas·

236 3083 477 3142 tidiunt.

319 3162 503 3221 Hunc
531 3163 687 3221 diem
714 3163 890 3240 igitur
938 3160 1167 3237 Campi,
1198 3171 1490 3237 speratum
1540 3168 1711 3234 atque
1739 3166 2088 3233 exoptatum,
2118 3156 2228 3214 sibi
2255 3157 2327 3211 35

232 3260 564 3319 proponens
610 3241 776 3313 Milo,
807 3241 1064 3300 cruentis
1110 3240 1379 3298 manibus
1419 3239 1609 3297 scelus
1650 3246 1709 3294 et
1750 3237 1977 3293 facinus
2002 3254 2120 3310 prae
2163 3254 2227 3292 se

234 3320 431 3383 ferens
470 3331 530 3379 et
584 3321 884 3391 confitenS,
910 3321 1003 3378 'ad
1063 3318 1163 3377 illa
1224 3327 1469 3395 augusta
1529 3315 1923 3375 centuriarum
1968 3312 2229 3388 auspicia

231 3398 552 3463 veniebat?
632 3398 836 3469 Quam
864 3401 976 3458 hoc
1003 3418 1118 3456 non
1147 3397 1427 3455 credibile
1456 3396 1516 3454 in
1557 3396 1705 3454 hoc!
1751 3392 1924 3469 quam
1968 3393 2123 3450 idem
2164 3392 2225 3449 in

228 3474 445 3541 Clodio
472 3498 588 3537 uon
630 3475 1033 3547 dubitandum,
1063 3476 1161 3552 qui
1208 3496 1290 3547 se,
1321 3475 1624 3533 interfecto
1665 3473 1907 3543 Milone,
1956 3478 2228 3546 regnatu-

228 3576 363 3617 rum
390 3560 657 3633 putaret!
740 3557 952 3620 Quid?
996 3556 1145 3630 quod
1188 3564 1362 3631 caput
1404 3553 1662 3611 audaciae
1692 3561 1797 3621 est,
1821 3549 2067 3626 judices,
2097 3547 2225 3623 quis
2250 3546 2323 3602 40

228 3636 485 3714 ignorat,
549 3636 859 3694 maximam
929 3635 1260 3692 illecebram
1317 3652 1443 3689 esse
1509 3630 1796 3707 peccandi
1864 3627 2224 3702 impunitatis

227 3717 441 3792 spem?
527 3716 598 3774 In
642 3726 770 3773 utro
810 3715 985 3793 igitur
1047 3714 1174 3771 haec
1234 3711 1385 3768 fuit?
1444 3710 1502 3767 in
1562 3708 1826 3766 Milone?
1887 3706 1986 3781 qui
2047 3706 2224 3764 etiam

227 3802 395 3854 nunc
418 3815 557 3854 reus
586 3803 673 3852 est
703 3794 860 3866 facti,
893 3802 990 3850 aut
1017 3789 1298 3867 praeclari,
1333 3799 1432 3846 aut
1460 3787 1617 3846 certe
1649 3784 1962 3845 necessarii
1986 3804 2000 3843 :
2046 3804 2119 3842 an
2161 3783 2223 3845 in

227 3874 486 3935 Clodio?
549 3875 648 3951 qui
690 3874 771 3932 ita
817 3871 1041 3950 judicia
1080 3887 1426 3946 poenamque
1487 3875 1927 3941 contempserat,
1971 3873 2036 3921 ut
2088 3882 2222 3922 eum
