2667 4242
326 704 375 737 s

88 2274 169 2297 ‘sm-
244 2282 277 2305 ς.
284 2294 301 2301 .,

402 306 486 365 ‘72
806 308 829 327 ⁸
1030 303 1304 355 ORATIO
1350 304 1490 355 PRO
1533 304 1600 365 Q.
1647 304 1967 356 LIGARIO.

580 446 753 518 vide,
782 454 1011 524 quaeso,'
1033 446 1291 520 Tubero,
1324 458 1410 520 ut,
1454 449 1653 524 quide
1700 468 1830 507 meo
1872 450 2024 510 facto
2065 469 2183 509 non
2229 450 2488 508 dubitem

502 525 718 599 dicere,
748 528 820 584 de
866 527 1082 603 Ligarii
1128 547 1239 585 non
1288 529 1532 585 audeam
1576 528 1854 587 confiteri.
1936 530 2135 604 Atque
2175 530 2303 586 haec
2330 549 2490 606 prop-

501 615 661 663 terea
702 605 775 662 de
804 624 895 663 me
923 606 1060 676 dixi,
1091 614 1154 662 ut
1201 606 1342 663 mihi
1387 606 1645 677 Tubero,
1692 604 1929 664 cum'de
1975 627 2038 664 se
2079 608 2290 665 eadem
2333 609 2489 666 dice-

502 702 644 753 rem,
701 683 1055 761 ignosceret:
1118 684 1283 761 cujus
1325 704 1436 762 ego
1479 685 1773 743 industriae
1815 685 2125 762 gloriaeque
2169 685 2357 776 saggo,
2398 687 2484 745 vel

436 772 474 826 5
501 774 726 839 propter
791 764 1163 839 propinquam
1218 765 1643 840 cognationem,
1697 764 1785 823 vel
1841 763 1995 838 quod
2063 764 2189 841 ejus
2250 766 2487 842 ingenio

500 841 820 916 studiisque
847 842 1120 912 delector,
1150 841 1236 899 vel
1282 841 1439 918 quod
1485 842 1718 901 laudem
1762 843 2143 900 adolescentis
2179 845 2485 920 propinqui

499 920 765 978 existimo
791 920 965 979 etiam
1005 919 1077 978 ad
1105 939 1297 978 meum
1345 921 1594 997 aliquem
1641 920 1890 979 fructum
1933 923 2279 979 redundare.
2368 923 2485 981 Sed

501 999 613 1057 hoc
655 1017 865 1074 quaero,
894 999 1023 1074 quis
1063 1010 1225 1075 putet
1265 1018 1393 1057 esse
1441 999 1683 1072 crimen,
1734 1000 1909 1057 fuisse
1956 1001 2016 1058 in
2061 1000 2271 1058 Africi
2312 1000 2485 1077 Liga-

502 1078 692 1135 rium?
774 1077 999 1154 Nempe
1042 1078 1110 1148 is,
1155 1078 1253 1153 qui
1296 1089 1356 1136 et
1383 1079 1503 1155 ipse
1552 1079 1611 1137 in
1639 1079 1842 1136 eadem
1887 1079 2093 1136 Africa
2130 1098 2261 1137 esse
2285 1079 2481 1151 voluit,

404 1162 475 1216 10
502 1168 559 1213 et
598 1157 942 1233 prohibitum
971 1177 1035 1215 se
1084 1176 1118 1214 a
1160 1156 1396 1234 Ligario
1441 1158 1718 1233 queritur,
1745 1168 1804 1215 et
1846 1156 2003 1215 certe
2049 1169 2255 1216 contra
2297 1158 2480 1234 ipsum
2524 1183 2531 1187 ·

502 1236 792 1294 Caesarem
821 1247 908 1294 est
935 1255 1276 1319 congressus
1314 1249 1583 1296 armatus.
1664 1236 1832 1301 Quid
1878 1236 2053 1308 enim,
2083 1233 2348 1309 Tubero,
2393 1237 2484 1294 de-

502 1316 733 1373 strictus
780 1315 876 1373 ille
915 1327 1050 1372 tuus
1093 1315 1152 1372 in
1201 1316 1329 1373 acie
1373 1315 1707 1375 Pharsalica
1754 1314 1982 1392 gladius
2011 1316 2263 1393 agebat?
2318 1315 2494 1393 cujus·
2553 1354 2562 1359 -

508 1390 652 1453 latus
695 1393 791 1450 ille
835 1413 1036 1452 mucro
1061 1395 1339 1471 petebat?
1379 1396 1477 1470 qui
1506 1415 1708 1454 sensus
1734 1404 1858 1452 erat
1895 1413 2182 1452 armorum
2210 1396 2481 1452 tuorum!

503 1492 629 1547 quae
672 1482 774 1529 tua
820 1475 1026 1530 mens?
1082 1474 1279 1532 oculi?
1322 1477 1571 1532 manus?
1630 1475 1795 1532 ardor
1838 1473 2055 1530 animi?
2108 1473 2246 1548 quid
2293 1473 2484 1550 cupie-

405 1555 474 1610 15
505 1551 649 1608 bas?
691 1551 829 1626 quid
863 1551 1144 1627 optabas?
1199 1552 1396 1610 Nimis
1438 1571 1651 1631 urgeo:
1696 1552 2039 1610 commoveri
2081 1552 2311 1609 videtur
2357 1553 2485 1610 ado-

502 1630 760 1688 lescens:
805 1631 877 1687 ad
907 1649 1000 1689 me
1028 1643 1312 1689 revertar:
1358 1632 1561 1689 iisdem
1592 1631 1650 1688 in
1682 1631 1855 1688 armis
1884 1630 1983 1688 fui.

584 1707 688 1766 IV.
743 1707 911 1768 Quid
956 1720 1148 1767 autem
1199 1711 1356 1768 aliud
1400 1711 1642 1788 egimus,
1673 1709 1912 1767 Tubero
1950 1709 2083 1780 nisi,
2111 1718 2178 1766 ut
2204 1710 2361 1785 quod
2391 1686 2531 1767 hic

462 1826 479 1837 „
501 1799 705 1863 potest,
760 1807 863 1844 nos
927 1791 1261 1864 possemus?
1337 1789 1610 1851 Quorum
1663 1789 1838 1866 igitur
1891 1788 2222 1864 impunitaS,
2266 1788 2482 1860 Caesar,

504 1877 616 1922 tuae
645 1867 966 1924 clementiae
1013 1866 1139 1924 laus
1182 1878 1288 1938 est,
1326 1887 1526 1926 eorum
1571 1868 1818 1945 ipsorum
1864 1868 1936 1924 ad
1980 1867 2388 1924 crudelitatem
2431 1879 2484 1946 te
2519 1862 2558 1939 κ’

400 1951 475 2005 20
508 1957 675 2003 acuet
701 1946 884 2004 oratio
899 1946 937 2002 'l-
980 1946 1174 2020 Atque
1203 1947 1262 2004 in
1293 1947 1406 2004 hac
1443 1947 1619 2004 causa
1663 1947 1922 2023 nonnihil
1966 1946 2258 2020 equidem,
2289 1946 2487 2010 Tube-
2523 1980 2528 1989 ι

503 2044 587 2094 r0,
616 2026 789 2083 etiam
817 2035 996 2096 tuam,
1026 2026 1126 2082 sed
1156 2025 1335 2083 multo
1382 2026 1567 2103 magis
1610 2025 1788 2101 patris
1814 2025 1918 2095 tui,
1946 2025 2315 2101 prudentiam
2342 2025 2494 2092 desi-1

504 2106 673 2175 dero;
716 2104 873 2180 quod
917 2106 1103 2175 homo,
1133 2102 1268 2162 cum
1318 2104 1553 2182 ingenio
1593 2115 1715 2163 tum
1764 2105 1936 2162 etiam
1982 2103 2245 2161 doctrina
2303 2103 2502 2175 ext-,212
2553 2113 2558 2118 ’

314 2228 319 2235 .
422 2228 429 2236 .
504 2183 650 2254 lena,
679 2204 864 2262 genus
892 2185 1002 2241 hoc
1030 2202 1219 2241 causae
1249 2184 1397 2258 quod
1428 2195 1597 2254 esset,
1627 2203 1739 2241 non
1770 2182 2007 2240 viderit:
2054 2200 2208 2252 nam,
2238 2182 2291 2240 si
2320 2179 2497 2245 vidisss
2529 2194 2555 2232 .’

506 2275 612 2334 set,
641 2265 839 2337 quovis
862 2261 1143 2338 profecto,
1170 2260 1346 2338 quam
1376 2262 1483 2321 isto
1511 2263 1696 2334 modo,
1727 2281 1761 2319 a
1788 2272 1845 2319 te
1874 2262 1968 2338 agi
1996 2261 2312 2323 maluisset.

254 2334 265 2353 ⁸
320 2334 331 2397 ζ
403 2348 476 2402 25
589 2342 806 2416 Arguis
834 2342 1124 2399 fatentem.
1207 2340 1343 2399 Non
1373 2352 1461 2399 est
1503 2342 1656 2399 satis,
1745 2342 2008 2398 Accusas
2040 2358 2195 2410 eum,
2223 2340 2324 2415 qui
2356 2340 2487 2400 cau·

80 2794 157 2919 Ι
266 2832 379 2851 Ρ-κι-ι.

507 2437 629 2475 sam
674 2420 866 2489 habet,
898 2430 1014 2487 aut,
1045 2429 1108 2476 ut
1153 2439 1263 2496 ego
1309 2420 1461 2490 dico,
1490 2410 1782 2478 meliorem
1828 2417 2002 2494 quam
2048 2427 2131 2488 tu,
2164 2428 2286 2489 aut,
2317 2428 2381 2476 ut
2427 2418 2491 2477 tu‘
2525 2493 2530 2497 ἠ

507 2497 609 2567 vi's,
655 2515 866 2570 parem.
953 2497 1099 2554 Haec
1146 2517 1260 2555 non
1305 2497 1475 2557 modo
1520 2499 1807 2556 mirabilia
1858 2507 2024 2565 suntg
2083 2498 2185 2554 sed
2237 2497 2487 2574 prodigii

507 2574 694 2631 simile
722 2584 827 2644 est,
856 2576 1006 2650 quod
1034 2576 1243 2634 dicam.
1327 2576 1464 2635 Non
1512 2577 1684 2635 habet
1711 2595 1840 2634 eam
1869 2577 1983 2632 vim
2030 2575 2139 2633 ista
2168 2577 2484 2647 accusatiO,

507 2664 571 2709 ut
622 2652 702 2713 Q.
751 2653 1018 2730 Ligarius
1072 2655 1509 2728 condemnetur,
1563 2656 1664 2714 sed
1721 2665 1781 2713 ut
1835 2666 2092 2712 necetur.
2176 2654 2315 2712 Hoc
2371 2654 2487 2731 egit

405 2718 476 2793 ἑο
509 2731 650 2789 civis
703 2732 1005 2790 Romanus
1059 2746 1192 2792 ante
1245 2744 1303 2792 te
1352 2755 1535 2794 nemo.
1634 2733 1872 2792 Externi
1928 2734 2021 2791 isti
2076 2744 2212 2791 sunt
2264 2751 2485 2791 mores}
2540 2793 2546 2798 ,

509 2830 687 2886 usque
717 2812 788 2868 ad
816 2812 1155 2889 sanguinem
1187 2814 1418 2871 incitari
1463 2814 1605 2871 solet
1646 2814 1841 2871 odium
1889 2822 1988 2870 aut
2016 2813 2225 2870 levium
2254 2813 2488 2873 Graeoo-

507 2909 654 2960 rum,
705 2899 803 2947 aut
857 2890 1195 2949 immanium
1251 2893 1638 2950 barbarorum.
1721 2891 1879 2949 Nam
1934 2892 2072 2967 quid
2118 2891 2275 2947 aliud
2324 2882 2486 2968 agis'l

506 2980 570 3026 ut
598 2968 803 3027 Romae
830 2989 904 3027 ne
932 2970 1045 3027 sit?
1090 2982 1152 3028 ut
1180 2972 1350 3029 domo
1377 2972 1611 3049 careatss
1655 2991 1730 3029 ne
1758 2990 1892 3029 cum
1935 2969 2164 3047 optimis
2195 2970 2486 3041 fratribus,

507 3067 582 3106 ne
630 3068 761 3105 cum
812 3049 921 3106 hoc
968 3049 1044 3107 T.
1095 3049 1377 3121 Brocch0‚
1408 3051 1691 3108 avunculo
1737 3069 1859 3120 suo,
1888 3069 1963 3107 ne
2007 3067 2140 3107 cum
2178 3048 2307 3123 ejus
2351 3049 2486 3120 firio,

404 3129 484 3199 35,
509 3128 848 3185 consobrino
874 3147 997 3199 su0,
1027 3148 1101 3187 ne
1129 3129 1451 3199 nobiscum,
1480 3130 1670 3186 vivat?
1715 3149 1789 3187 ne
1818 3130 1891 3186 sit
1928 3128 1988 3186 in
2014 3127 2242 3205 patriai
2321 3128 2487 3205 Num

508 3208 633 3264 est?
689 3226 826 3263 num
879 3217 1063 3281 potest
1116 3207 1301 3284 magis
1357 3226 1555 3265 carere
1599 3208 1687 3265 his
1728 3208 2012 3278 omnibuS,
2061 3204 2237 3280 quarn
2282 3208 2485 3265 caret?

509 3284 679 3342 Italia
708 3285 1057 3361 prohibetur,
1087 3285 1326 3344 exsulat.
1409 3284 1467 3342 N
1472 3306 1546 3343 on
1574 3296 1637 3343 tu
1664 3306 1803 3363 ergo
1830 3287 1986 3343 hunc
2026 3285 2213 3361 patriti⁴
2241 3287 2488 3365 privare,

506 3364 621 3439 qua
665 3375 843 3433 caret,
888 3364 988 3420 sed
1036 3364 1174 3435 vita,
1205 3365 1304 3422 via.
1393 3365 1475 3421 At
1502 3365 1673 3436 istud,
1727 3385 1802 3422 ne
1859 3365 2006 3439 apud
2040 3382 2196 3432 ‚eum
2251 3365 2488 3440 quidem

508 3442 867 3511 dictatorem,
912 3443 1007 3515 qui
1052 3462 1271 3513 omne8‚
1314 3463 1455 3518 quos
1500 3445 1718 3514 oderat,
1758 3453 1938 3500 morte
1983 3443 2284 3515 multabat,
2342 3444 2492 3519 qub-

407 3533 478 3587 40
509 3540 680 3595 quam
710 3522 827 3598 egit
856 3521 963 3578 isto
989 3521 1171 3579 modo.
1256 3522 1388 3598 Ipse
1410 3523 1648 3598 jubebat
1689 3522 1900 3592 occidi,
1931 3521 2086 3578 nullo
2127 3504 2492 3597 postu-lanfr:

508 3600 755 3674 praemiis
784 3601 955 3657 etiam
988 3600 1279 3658 invitabat.
1361 3601 1514 3662 Quoe
1542 3612 1736 3659 tamen
1786 3600 2113 3668 crudelitaS,
2147 3600 2219 3655 ab
2262 3601 2492 3675 eodem,

511 3678 725 3750 aliquot
779 3679 944 3736 annis
995 3679 1144 3756 post,
1199 3699 1370 3755 quem
1424 3700 1582 3763 nunc
1629 3669 1922 3738 crudelem
1977 3697 2103 3736 esse
2157 3678 2262 3760 vie,
2305 3674 2496 3751 vifi-

513 3765 645 3809 cata
671 3765 774 3812 est.
1227 3762 1233 3768 '
2351 3778 2362 3787 ’
