2667 4242
312 264 427 327 116
807 269 1082 321 ORATIO
1125 269 1266 319 PRO
1308 269 1372 320 Τ.
1421 266 1650 320 ANNIO
1695 268 1994 319 MILONE.

408 410 705 471 dominum
748 412 823 471 de
868 432 1031 472 servo
1073 412 1250 488 quaeri
1298 413 1638 483 noluerunt;
1695 432 1812 471 non
1857 412 1995 488 quia
2038 431 2155 469 non
2202 420 2398 488 met

407 508 607 549 verum
635 491 900 583 inveniri,
928 493 1033 550 sed
1059 493 1196 567 quia
1221 492 1523 550 videbatur
1551 492 1855 569 indignum
1881 510 2027 563 esse,
2055 492 2116 548 et
2141 490 2391 548 dominis

408 580 589 628 morte
644 570 767 646 ipsa
818 571 1056 629 tristius.
1138 570 1211 629 Ῑιι
1264 589 1430 629 reum
1481 571 1556 628 de
1608 570 1788 629 servis
1843 569 2198 628 accusatoris
2252 587 2389 626 cum

407 649 701 723 quaeritur,
729 667 928 707 verum
957 648 1202 708 inveniri
1228 650 1453 726 potest?

268 770 293 777 -
343 743 382 797 5
489 728 621 803 Age
648 726 805 799 vero,
832 746 960 804 quae
987 738 1132 799 erat,
1161 738 1260 786 aut
1286 728 1474 802 qualis
1499 687 1775 817 quaestio?
1843 726 2011 784 Heus
2033 736 2121 798 tu,
2142 725 2388 796 Roscio,

297 872 312 885 ·
412 804 599 880 (verbi
653 807 860 885 causa)
917 825 1059 864 cave
1124 806 1205 864 sis
1257 807 1571 864 mentiaris.
1655 805 1899 864 Clodius
1958 772 2202 864 insidias
2253 804 2393 861 fecit

409 883 662 942 Miloni?
744 883 929 942 Fecit.
1011 878 1191 943 Certa
1217 904 1378 943 crux.
1461 885 1671 943 Nullas
1698 885 1852 942 fecit.
1937 885 2181 961 Sperata
2223 883 2392 940 liber·

408 972 515 1020 tas.
594 962 760 1025 Quid
805 964 918 1021 hac
960 964 1275 1040 quaestione
1318 963 1577 1022 certius?
1646 961 1855 1020 Subito
1886 963 2107 1052 arrepti
2125 963 2185 1021 in
2212 981 2391 1038 quaes-

409 1041 646 1112 tionem,
672 1051 866 1100 tamen
892 1052 1230 1118 separantur
1259 1060 1293 1099 a
1320 1042 1566 1113 caeteris,
1594 1052 1654 1100 et
1682 1042 1741 1100 in
1780 1060 1947 1100 arcas
1978 1041 2390 1117 conjiciuntur,

317 1131 384 1186 ιο
410 1139 486 1177 ne
537 1119 666 1196 quis
717 1139 852 1178 cum
907 1120 978 1179 iis
1031 1120 1279 1196 colloqui
1330 1121 1525 1197 pomit.
1607 1120 1691 1178 Hi
1745 1131 1980 1179 centum
2035 1121 2162 1178 dies
2215 1138 2393 1196 penes

412 1209 808 1257 accusatorem
854 1197 991 1257 cum
1034 1199 1296 1272 fuissent,
1343 1199 1417 1256 ab
1463 1219 1534 1258 eo
1579 1199 1703 1276 ipm
1749 1209 2087 1257 accusatore
2127 1197 2394 1287 producti

411 1288 561 1335 sunt.
641 1278 808 1341 Quid
858 1278 970 1336 hac
1015 1279 1331 1354 quaestione
1374 1278 1494 1336 dici
1534 1287 1720 1355 potest
1765 1277 2086 1355 integrius?
2127 1277 2268 1354 quid
2313 1275 2395 1334 in-

413 1376 580 1415 corru
618 1356 777 1413 tius?
914 1376 921 1380 ’

493 1377 734 1493 XXpIII.
800 1433 984 1498 Quod
1011 1433 1061 1493 si
1088 1435 1349 1525 nondum
1389 1434 1529 1492 satis
1556 1434 1814 1519 cernitis,
1848 1431 2012 1512 (cum
2039 1453 2135 1492 res
2163 1433 2288 1510 ipsa
2312 1442 2394 1491 tot

316 1519 387 1574 15
412 1522 531 1570 tam
573 1514 746 1570 claris
795 1514 1148 1591 argumentis
1190 1513 1487 1591 signisque
1533 1498 1754 1594 luceat)
1793 1513 1938 1589 pura
1984 1524 2179 1570 mente
2226 1523 2394 1588 atque

413 1592 639 1668 integra
667 1590 967 1663 Milonem,
997 1593 1156 1652 nullo
1196 1593 1418 1651 scelere
1465 1593 1770 1663 imbutum,
1800 1592 1959 1651 nullo
1985 1603 2143 1649 metu
2179 1602 2394 1668 perter-

412 1670 606 1739 ritum,
649 1669 811 1727 nulla
864 1671 1223 1729 conscientia
1276 1671 1689 1742 exanimatum,
1745 1671 1999 1729 Romam
2052 1670 2390 1739 revertisse3

414 1714 797 1837 recordamini
829 1748 956 1839 (per
997 1749 1153 1808 Deos
1196 1750 1549 1807 immortales
1571 1751 1615 1829 !)
1654 1769 1781 1825 quae
1809 1749 1990 1823 fixerit
2009 1750 2281 1807 celeritas
2308 1767 2394 1837 re-

414 1828 568 1885 ditus
588 1826 746 1903 ejus·
733 1871 747 1897 ,
789 1827 887 1904 qui
910 1827 1202 1905 ingressus
1217 1829 1278 1886 in
1298 1828 1503 1900 forum,
1524 1830 1761 1887 ardente
1783 1828 1981 1898 curia3
2022 1847 2150 1903 quae
2172 1825 2395 1904 magni-

313 1911 387 1965 20
414 1907 552 1964 tudo
596 1906 793 1978 animi,
820 1907 918 1983 qui
967 1907 1175 1979 vultus,
1217 1927 1347 1996 quae
1389 1908 1588 1965 oratic.
1669 1905 1881 1983 Neque
1921 1905 2057 1965 vero
2085 1926 2150 1964 se
2187 1905 2397 1999 populo

414 1982 617 2057 solum,
663 1985 765 2043 sed
807 1987 983 2043 etiam
1024 1986 1271 2057 senatui,
1322 1986 1646 2057 commisit3
1707 2004 1895 2062 neque
1934 1986 2163 2043 senatui
2197 1982 2392 2055 modo,

414 2065 515 2123 sed
562 2065 736 2123 etiam
783 2065 1030 2142 publicis
1081 2065 1365 2142 praesidiis
1411 2074 1470 2123 et
1518 2066 1728 2135 armis3
1768 2083 1957 2140 neque
1999 2065 2090 2122 his
2143 2062 2391 2134 tantum,

415 2163 614 2202 verum
640 2144 816 2202 etiam
856 2144 981 2221 ejus
1018 2144 1304 2220 potestati,
1334 2144 1432 2202 cui
1474 2155 1709 2202 senatus
1748 2152 1927 2203 totam
1955 2142 2391 2220 rempublicam,

413 2243 643 2281 omnem
684 2222 868 2281 Italiae
906 2224 1136 2300 pubem,
1166 2233 1380 2281 cuncta
1419 2223 1613 2299 populi
1652 2223 1908 2282 Romani
1951 2240 2130 2292 arma,
2160 2221 2396 2279 commi-

315 2308 388 2361 25
416 2313 598 2360 serat:
643 2303 739 2360 cui
781 2321 1076 2378 nunquam
1117 2322 1180 2360 se
1222 2301 1319 2359 hic
1358 2300 1616 2378 profecto
1657 2301 2014 2372 tradidisset,
2047 2300 2161 2358 nisi
2201 2318 2394 2357 causae

415 2399 532 2437 suae
560 2381 903 2449 confideret;
947 2381 1260 2456 praesertim
1299 2381 1495 2438 omnia
1538 2381 1814 2451 audienti,
1843 2398 2058 2456 magna
2092 2379 2394 2449 metuenti,

416 2459 596 2515 multa
634 2459 968 2534 suspicanti,
1000 2459 1280 2517 nonnulla
1321 2460 1606 2516 credenti.-
1682 2459 1904 2536 Magna
1930 2460 2015 2515 vis
2042 2469 2131 2516 est
2172 2457 2397 2515 consci-

415 2536 606 2607 entiae,
643 2536 890 2612 judiceS,
932 2547 991 2594 et
1045 2557 1257 2614 magna
1310 2538 1371 2595 in
1428 2548 1726 2614 utramque
1779 2547 2030 2614 partem3
2089 2546 2153 2594 ut
2206 2556 2396 2611 neque

416 2614 674 2685 timeant,
705 2616 800 2690 qui
845 2616 986 2674 nihil
1029 2617 1458 2687 commiserint;
1500 2627 1559 2674 et
1585 2636 1812 2694 poenam
1839 2635 2062 2693 semper
2092 2626 2226 2674 ante
2261 2634 2398 2673 ocu-

315 2703 388 2758 30
416 2694 500 2751 los
527 2695 738 2751 versari
766 2705 985 2770 putent,
1015 2695 1113 2771 qui
1141 2695 1456 2771 peccarint.

495 2771 704 2846 Neque
744 2771 879 2831 vero
922 2774 1047 2832 sine
1101 2774 1321 2833 ratione
1378 2774 1538 2831 certa
1585 2793 1763 2833 causa
1819 2772 2055 2832 Milonis
2095 2792 2321 2849 semper
2363 2793 2397 2831 a

416 2862 620 2908 senatu
661 2851 898 2927 probata
937 2863 1040 2911 est.
1122 2852 1421 2911 Videbant
1465 2853 1621 2913 enim
1675 2852 2080 2929 sapientissimi
2135 2853 2397 2910 homines

417 2929 555 2987 facti
598 2931 897 3002 rationem,
938 2931 1301 3008 praesentiam
1350 2931 1548 3020 animi,
1589 2931 1939 2990 defensionis
1992 2931 2393 2989 constantiam.

418 3011 515 3067 An
544 3007 680 3068 vero
721 3010 882 3069 obliti
923 3011 1080 3101 estis,
1104 3010 1376 3100 judices,
1383 3011 1602 3068 recenti
1645 3010 1743 3068 illo
1782 3011 1986 3068 nuntio
2011 3009 2176 3068 necis
2203 3009 2398 3068 Clodi-

315 3101 388 3156 35
419 3109 563 3160 anae,
593 3109 707 3153 non
749 3088 918 3147 modo
963 3089 1328 3148 inimicorum
1373 3088 1609 3147 Milonis
1649 3107 1940 3146 sermones
1980 3098 2039 3146 et
2076 3087 2394 3164 opiniones,

417 3170 517 3226 sed
562 3168 963 3226 nonnullorum
1008 3168 1182 3225 etiam
1233 3167 1669 3243 imperitorum?
1739 3166 1797 3224 N
1802 3166 2053 3244 egabant
2098 3185 2234 3224 eum
2278 3168 2396 3225 Ro-

417 3267 571 3304 mam
596 3266 725 3304 esse
753 3247 1086 3303 rediturum.
1172 3245 1308 3303 Sive
1335 3245 1492 3303 enim
1523 3245 1663 3302 illud
1693 3246 1886 3303 animo
1913 3245 2058 3303 irato
2079 3265 2149 3303 ac
2177 3247 2397 3321 percito

418 3325 668 3396 fecisset,
694 3334 757 3381 ut
784 3324 1057 3381 incensus
1071 3324 1205 3380 odio
1223 3324 1541 3382 trucidaret
1570 3324 1869 3382 inimicum
1892 3344 1906 3394 ;
1927 3386 1934 3391 ,
1952 3324 2394 3394 arbitrabantur,

417 3423 550 3461 eum
591 3403 736 3461 tanti
779 3413 1019 3461 mortem
1059 3402 1123 3459 P.
1155 3402 1351 3460 Clodii
1392 3403 1643 3479 putasse,
1672 3413 1735 3459 ut
1776 3421 1940 3477 aequo
1981 3404 2173 3461 animo
2211 3404 2396 3479 patria

318 3492 388 3545 40
419 3492 660 3552 careret,
691 3480 827 3539 cum
867 3480 1149 3556 sanguine
1191 3479 1412 3538 inimici
1456 3480 1740 3557 explesset
1777 3482 1971 3538 odium
2015 3501 2221 3539 suum.
2208 3502 2221 3514 ·
2277 3484 2396 3540 sive

417 3561 592 3616 etiam
623 3561 775 3617 illius
804 3532 1008 3617 mortee
1011 3558 1254 3634 patriam
1274 3558 1522 3617 liberare
1550 3560 1837 3630 voluisset,
1859 3581 1975 3619 non
2004 3561 2395 3619 dubitaturum

419 3637 620 3695 fortem
649 3638 853 3708 virum,
884 3637 1042 3711 quin,
1073 3656 1208 3694 cum
1238 3657 1343 3695 suo
1381 3638 1638 3713 periculo
1677 3638 1920 3696 salutem
1957 3639 2287 3715 reipublicae
2317 3650 2398 3698 at-

417 3714 660 3783 tulisset,
692 3682 927 3770 cedei-et
964 3733 1128 3787 aequo
1169 3716 1361 3772 animo
1405 3714 1720 3794 [legibus]·
1706 3759 1719 3785 ,
1763 3736 1962 3774 secum
2005 3718 2254 3775 auferret
2280 3719 2398 3794 glo-

418 3788 561 3844 riam
605 3790 1031 3862 sempiternam,
1061 3791 1226 3847 nobis
1266 3791 1392 3848 haec
1433 3792 1676 3850 fruenda
1714 3793 2081 3869 relinqueret,
2109 3815 2235 3871 quae
2276 3797 2398 3874 ipse
