<?xml version="1.0" encoding="UTF-8"?>
<!DOCTYPE html PUBLIC "-//W3C//DTD XHTML 1.0 Transitional//EN"
    "http://www.w3.org/TR/xhtml1/DTD/xhtml1-transitional.dtd">
<html xmlns="http://www.w3.org/1999/xhtml" xml:lang="en" lang="en">
 <head>
  <title>
</title>
<meta http-equiv="Content-Type" content="text/html;charset=utf-8" />
  <meta name='ocr-system' content='tesseract 3.04.00' />
  <meta name='ocr-capabilities' content='ocr_page ocr_carea ocr_par ocr_line ocrx_word'/>
</head>
<body>
  <div class='ocr_page' id='page_1' title='image "./mtciceronisorat01folsgoog_0065.png"; bbox 0 0 2667 4242; ppageno 0'>
   <div class='ocr_carea' id='block_1_1' title="bbox 495 216 2320 340">
    <p class='ocr_par' dir='ltr' id='par_1_1' title="bbox 495 216 2320 340">
     <span class='ocr_line' id='line_1_1' title="bbox 495 216 2320 340; baseline 0.001 -22"><span class='ocrx_word' id='word_1_1' title='bbox 495 231 504 238; x_wconf 64' lang='grc'><strong><em>’</em></strong></span> <span class='ocrx_word' id='word_1_2' title='bbox 683 264 957 319; x_wconf 73' lang='lat' dir='ltr'><strong>oRATm</strong></span> <span class='ocrx_word' id='word_1_3' title='bbox 1000 262 1141 319; x_wconf 71' lang='lat' dir='ltr'><strong>Pae</strong></span> <span class='ocrx_word' id='word_1_4' title='bbox 1183 268 1380 319; x_wconf 64' lang='lat' dir='ltr'><strong>maen</strong></span> <span class='ocrx_word' id='word_1_5' title='bbox 1421 216 1755 319; x_wconf 59' lang='grc' dir='ltr'><strong>ΜΑΝῙΜᾸ.</strong></span> <span class='ocrx_word' id='word_1_6' title='bbox 2107 328 2116 340; x_wconf 51' lang='lat'>‚</span> <span class='ocrx_word' id='word_1_7' title='bbox 2238 271 2320 337; x_wconf 75' lang='lat'><strong>⁵9</strong></span> 
     </span>
    </p>
   </div>
   <div class='ocr_carea' id='block_1_2' title="bbox 160 411 2318 1911">
    <p class='ocr_par' dir='ltr' id='par_1_2' title="bbox 160 411 2318 1911">
     <span class='ocr_line' id='line_1_2' title="bbox 160 411 2222 490; baseline 0.001 -20"><span class='ocrx_word' id='word_1_8' title='bbox 160 472 167 476; x_wconf 73' lang='grc'>,</span> <span class='ocrx_word' id='word_1_9' title='bbox 237 411 277 470; x_wconf 83' lang='lat' dir='ltr'><strong>J</strong></span> <span class='ocrx_word' id='word_1_10' title='bbox 280 412 552 490; x_wconf 62' lang='lat' dir='ltr'><strong>ugurtha,</strong></span> <span class='ocrx_word' id='word_1_11' title='bbox 596 412 751 471; x_wconf 90' lang='lat' dir='ltr'><strong>idem</strong></span> <span class='ocrx_word' id='word_1_12' title='bbox 796 431 930 471; x_wconf 89' lang='lat' dir='ltr'><strong>cum</strong></span> <span class='ocrx_word' id='word_1_13' title='bbox 975 412 1248 485; x_wconf 84' lang='lat' dir='ltr'><strong>Cimbris,</strong></span> <span class='ocrx_word' id='word_1_14' title='bbox 1294 413 1447 471; x_wconf 88' lang='lat' dir='ltr'><strong>idem</strong></span> <span class='ocrx_word' id='word_1_15' title='bbox 1493 432 1627 471; x_wconf 88' lang='lat' dir='ltr'><strong>cum</strong></span> <span class='ocrx_word' id='word_1_16' title='bbox 1673 412 1978 485; x_wconf 75' lang='lat' dir='ltr'><strong>TeutoniS,</strong></span> <span class='ocrx_word' id='word_1_17' title='bbox 2006 414 2222 473; x_wconf 82' lang='lat' dir='ltr'><strong>bellum</strong></span> 
     </span>
     <span class='ocr_line' id='line_1_3' title="bbox 238 492 2219 569; baseline 0.001 -19"><span class='ocrx_word' id='word_1_18' title='bbox 238 493 682 551; x_wconf 80' lang='lat' dir='ltr'><strong>administraret.</strong></span> <span class='ocrx_word' id='word_1_19' title='bbox 766 492 838 549; x_wconf 92' lang='lat' dir='ltr'><strong>In</strong></span> <span class='ocrx_word' id='word_1_20' title='bbox 883 493 1004 569; x_wconf 73' lang='lat' dir='ltr'><strong>ipso</strong></span> <span class='ocrx_word' id='word_1_21' title='bbox 1047 493 1155 550; x_wconf 87' lang='lat' dir='ltr'><strong>Cn.</strong></span> <span class='ocrx_word' id='word_1_22' title='bbox 1188 493 1477 568; x_wconf 61' lang='lat' dir='ltr'><strong>Pbmpeio,</strong></span> <span class='ocrx_word' id='word_1_23' title='bbox 1518 493 1732 568; x_wconf 75' lang='lat' dir='ltr'><strong>in-quo</strong></span> <span class='ocrx_word' id='word_1_24' title='bbox 1774 495 1904 552; x_wconf 79' lang='lat' dir='ltr'><strong>novi</strong></span> <span class='ocrx_word' id='word_1_25' title='bbox 1950 495 2219 551; x_wconf 75' lang='lat' dir='ltr'><strong>constitui</strong></span> 
     </span>
     <span class='ocr_line' id='line_1_4' title="bbox 235 571 2216 647; baseline 0.001 -20"><span class='ocrx_word' id='word_1_26' title='bbox 235 572 384 628; x_wconf 89' lang='lat' dir='ltr'><strong>nihil</strong></span> <span class='ocrx_word' id='word_1_27' title='bbox 430 573 549 628; x_wconf 85' lang='lat' dir='ltr'><strong>vult</strong></span> <span class='ocrx_word' id='word_1_28' title='bbox 599 571 680 633; x_wconf 79' lang='lat' dir='ltr'><strong>Q.</strong></span> <span class='ocrx_word' id='word_1_29' title='bbox 715 571 990 641; x_wconf 79' lang='lat' dir='ltr'><strong>CatuluS,</strong></span> <span class='ocrx_word' id='word_1_30' title='bbox 1035 571 1209 647; x_wconf 72' lang='lat' dir='ltr'><strong>quam</strong></span> <span class='ocrx_word' id='word_1_31' title='bbox 1264 573 1445 628; x_wconf 88' lang='lat' dir='ltr'><strong>multa</strong></span> <span class='ocrx_word' id='word_1_32' title='bbox 1491 572 1606 629; x_wconf 90' lang='lat' dir='ltr'><strong>sint</strong></span> <span class='ocrx_word' id='word_1_33' title='bbox 1658 592 1823 644; x_wconf 73' lang='lat' dir='ltr'><strong>nova,</strong></span> <span class='ocrx_word' id='word_1_34' title='bbox 1868 574 2094 629; x_wconf 64' lang='lat' dir='ltr'><strong>summa</strong></span> <span class='ocrx_word' id='word_1_35' title='bbox 2136 573 2216 635; x_wconf 82' lang='lat' dir='ltr'><strong>Q.</strong></span> 
     </span>
     <span class='ocr_line' id='line_1_5' title="bbox 237 651 2203 721; baseline 0.001 -14"><span class='ocrx_word' id='word_1_36' title='bbox 237 651 437 707; x_wconf 86' lang='lat' dir='ltr'><strong>Catuli</strong></span> <span class='ocrx_word' id='word_1_37' title='bbox 467 651 757 721; x_wconf 59' lang='lat' dir='ltr'><strong>voluntate</strong></span> <span class='ocrx_word' id='word_1_38' title='bbox 786 651 1115 721; x_wconf 76' lang='lat' dir='ltr'><strong>constituta,</strong></span> <span class='ocrx_word' id='word_1_39' title='bbox 1145 651 1545 709; x_wconf 75' lang='lat' dir='ltr'>recordamini.</span> <span class='ocrx_word' id='word_1_40' title='bbox 2198 689 2203 695; x_wconf 94' lang='lat'>-</span> 
     </span>
     <span class='ocr_line' id='line_1_6' title="bbox 318 727 2318 805; baseline 0.001 -19"><span class='ocrx_word' id='word_1_41' title='bbox 318 729 496 786; x_wconf 89' lang='lat' dir='ltr'>XXI.</span> <span class='ocrx_word' id='word_1_42' title='bbox 561 729 727 791; x_wconf 79' lang='lat' dir='ltr'><strong>Quid</strong></span> <span class='ocrx_word' id='word_1_43' title='bbox 784 730 938 786; x_wconf 91' lang='lat' dir='ltr'><strong>enim</strong></span> <span class='ocrx_word' id='word_1_44' title='bbox 992 740 1108 786; x_wconf 85' lang='lat' dir='ltr'><strong>tam</strong></span> <span class='ocrx_word' id='word_1_45' title='bbox 1177 743 1408 798; x_wconf 72' lang='lat' dir='ltr'><strong>novum,</strong></span> <span class='ocrx_word' id='word_1_46' title='bbox 1463 727 1636 805; x_wconf 70' lang='lat' dir='ltr'><strong>quarn</strong></span> <span class='ocrx_word' id='word_1_47' title='bbox 1707 729 2216 802; x_wconf 79' lang='lat' dir='ltr'><strong>adolescentulum,</strong></span> <span class='ocrx_word' id='word_1_48' title='bbox 2281 727 2318 781; x_wconf 85' lang='lat'><strong>5</strong></span> 
     </span>
     <span class='ocr_line' id='line_1_7' title="bbox 233 808 2218 885; baseline 0.002 -21"><span class='ocrx_word' id='word_1_49' title='bbox 233 809 542 884; x_wconf 89' lang='lat' dir='ltr'><strong>privatum,</strong></span> <span class='ocrx_word' id='word_1_50' title='bbox 584 810 901 865; x_wconf 88' lang='lat' dir='ltr'><strong>exercitum</strong></span> <span class='ocrx_word' id='word_1_51' title='bbox 943 809 1165 866; x_wconf 91' lang='lat' dir='ltr'><strong>difficili</strong></span> <span class='ocrx_word' id='word_1_52' title='bbox 1221 808 1551 885; x_wconf 85' lang='lat' dir='ltr'><strong>reipublicae</strong></span> <span class='ocrx_word' id='word_1_53' title='bbox 1597 818 1849 884; x_wconf 72' lang='lat' dir='ltr'><strong>tempore</strong></span> <span class='ocrx_word' id='word_1_54' title='bbox 1892 810 2218 876; x_wconf 67' lang='lat' dir='ltr'><strong>conficere?</strong></span> 
     </span>
     <span class='ocr_line' id='line_1_8' title="bbox 235 887 2220 965; baseline 0.001 -22"><span class='ocrx_word' id='word_1_55' title='bbox 235 887 526 951; x_wconf 65' lang='lat' dir='ltr'><strong>confecit:</strong></span> <span class='ocrx_word' id='word_1_56' title='bbox 582 888 722 944; x_wconf 89' lang='lat' dir='ltr'><strong>huic</strong></span> <span class='ocrx_word' id='word_1_57' title='bbox 766 888 1050 965; x_wconf 81' lang='lat' dir='ltr'><strong>praeesse&#39;l</strong></span> <span class='ocrx_word' id='word_1_58' title='bbox 1117 887 1376 964; x_wconf 85' lang='lat' dir='ltr'><strong>praefuit:</strong></span> <span class='ocrx_word' id='word_1_59' title='bbox 1440 905 1561 946; x_wconf 90' lang='lat' dir='ltr'><strong>rem</strong></span> <span class='ocrx_word' id='word_1_60' title='bbox 1614 887 1826 964; x_wconf 73' lang='lat' dir='ltr'><strong>optime</strong></span> <span class='ocrx_word' id='word_1_61' title='bbox 1882 889 2060 945; x_wconf 93' lang='lat' dir='ltr'><strong>ductu</strong></span> <span class='ocrx_word' id='word_1_62' title='bbox 2114 908 2220 946; x_wconf 73' lang='lat' dir='ltr'><strong>suo</strong></span> 
     </span>
     <span class='ocr_line' id='line_1_9' title="bbox 233 966 2217 1044; baseline 0.002 -22"><span class='ocrx_word' id='word_1_63' title='bbox 233 968 484 1042; x_wconf 63' lang='lat' dir='ltr'><strong>gerere?</strong></span> <span class='ocrx_word' id='word_1_64' title='bbox 550 966 743 1044; x_wconf 84' lang='lat' dir='ltr'><strong>gessit.</strong></span> <span class='ocrx_word' id='word_1_65' title='bbox 841 966 1008 1028; x_wconf 79' lang='lat' dir='ltr'><strong>Quid</strong></span> <span class='ocrx_word' id='word_1_66' title='bbox 1064 976 1182 1023; x_wconf 89' lang='lat' dir='ltr'><strong>tam</strong></span> <span class='ocrx_word' id='word_1_67' title='bbox 1235 976 1438 1042; x_wconf 86' lang='lat' dir='ltr'><strong>praeter</strong></span> <span class='ocrx_word' id='word_1_68' title='bbox 1493 967 1988 1038; x_wconf 76' lang='lat' dir='ltr'><strong>consuetudinem,</strong></span> <span class='ocrx_word' id='word_1_69' title='bbox 2044 966 2217 1042; x_wconf 72' lang='lat' dir='ltr'><strong>quam</strong></span> 
     </span>
     <span class='ocr_line' id='line_1_10' title="bbox 233 1044 2214 1122; baseline -0.001 -19"><span class='ocrx_word' id='word_1_70' title='bbox 233 1045 460 1103; x_wconf 89' lang='lat' dir='ltr'><strong>homini</strong></span> <span class='ocrx_word' id='word_1_71' title='bbox 499 1045 973 1122; x_wconf 86' lang='lat' dir='ltr'><strong>peradolescenti,</strong></span> <span class='ocrx_word' id='word_1_72' title='bbox 1011 1046 1179 1120; x_wconf 82' lang='lat' dir='ltr'><strong>cujus</strong></span> <span class='ocrx_word' id='word_1_73' title='bbox 1227 1064 1262 1102; x_wconf 90' lang='lat' dir='ltr'><strong>a</strong></span> <span class='ocrx_word' id='word_1_74' title='bbox 1306 1046 1591 1103; x_wconf 88' lang='lat' dir='ltr'><strong>senatorio</strong></span> <span class='ocrx_word' id='word_1_75' title='bbox 1633 1047 1815 1122; x_wconf 88' lang='lat' dir='ltr'><strong>gradu</strong></span> <span class='ocrx_word' id='word_1_76' title='bbox 1861 1056 1999 1103; x_wconf 84' lang='lat' dir='ltr'><strong>aetas</strong></span> <span class='ocrx_word' id='word_1_77' title='bbox 2044 1044 2214 1122; x_wconf 71' lang='lat' dir='ltr'><strong>longe</strong></span> 
     </span>
     <span class='ocr_line' id='line_1_11' title="bbox 235 1123 2316 1201; baseline -0 -21"><span class='ocrx_word' id='word_1_78' title='bbox 235 1124 486 1194; x_wconf 82' lang='lat' dir='ltr'><strong>abesset,</strong></span> <span class='ocrx_word' id='word_1_79' title='bbox 517 1123 818 1200; x_wconf 90' lang='lat' dir='ltr'><strong>imperium</strong></span> <span class='ocrx_word' id='word_1_80' title='bbox 863 1136 1032 1199; x_wconf 86' lang='lat' dir='ltr'><strong>atque</strong></span> <span class='ocrx_word' id='word_1_81' title='bbox 1073 1124 1391 1182; x_wconf 87' lang='lat' dir='ltr'><strong>exercitum</strong></span> <span class='ocrx_word' id='word_1_82' title='bbox 1421 1124 1585 1181; x_wconf 72' lang='lat' dir='ltr'><strong>dari?</strong></span> <span class='ocrx_word' id='word_1_83' title='bbox 1656 1123 1917 1182; x_wconf 87' lang='lat' dir='ltr'><strong>Siciliam</strong></span> <span class='ocrx_word' id='word_1_84' title='bbox 1945 1126 2214 1201; x_wconf 85' lang='lat' dir='ltr'><strong>permitti,</strong></span> <span class='ocrx_word' id='word_1_85' title='bbox 2247 1125 2316 1180; x_wconf 84' lang='lat'><strong>10</strong></span> 
     </span>
     <span class='ocr_line' id='line_1_12' title="bbox 236 1202 2216 1278; baseline 0.002 -19"><span class='ocrx_word' id='word_1_86' title='bbox 236 1213 412 1276; x_wconf 80' lang='lat' dir='ltr'><strong>atque</strong></span> <span class='ocrx_word' id='word_1_87' title='bbox 443 1203 726 1274; x_wconf 84' lang='lat' dir='ltr'><strong>Africam,</strong></span> <span class='ocrx_word' id='word_1_88' title='bbox 757 1203 1085 1278; x_wconf 86' lang='lat' dir='ltr'><strong>bellumque</strong></span> <span class='ocrx_word' id='word_1_89' title='bbox 1129 1203 1190 1260; x_wconf 93' lang='lat' dir='ltr'><strong>in</strong></span> <span class='ocrx_word' id='word_1_90' title='bbox 1234 1203 1305 1261; x_wconf 65' lang='lat' dir='ltr'><strong>est</strong></span> <span class='ocrx_word' id='word_1_91' title='bbox 1352 1202 1907 1260; x_wconf 65' lang='lat' dir='ltr'><strong>administrandum?</strong></span> <span class='ocrx_word' id='word_1_92' title='bbox 1977 1203 2113 1260; x_wconf 85' lang='lat' dir='ltr'><strong>Fuit</strong></span> <span class='ocrx_word' id='word_1_93' title='bbox 2157 1206 2216 1262; x_wconf 88' lang='lat' dir='ltr'><strong>in</strong></span> 
     </span>
     <span class='ocr_line' id='line_1_13' title="bbox 234 1280 2217 1358; baseline 0.001 -20"><span class='ocrx_word' id='word_1_94' title='bbox 234 1280 331 1338; x_wconf 86' lang='lat' dir='ltr'><strong>his</strong></span> <span class='ocrx_word' id='word_1_95' title='bbox 357 1282 665 1357; x_wconf 88' lang='lat' dir='ltr'><strong>provinciis</strong></span> <span class='ocrx_word' id='word_1_96' title='bbox 701 1282 979 1358; x_wconf 84' lang='lat' dir='ltr'><strong>singulari</strong></span> <span class='ocrx_word' id='word_1_97' title='bbox 1011 1282 1363 1351; x_wconf 67' lang='lat' dir='ltr'><strong>innocentia,</strong></span> <span class='ocrx_word' id='word_1_98' title='bbox 1392 1282 1691 1358; x_wconf 82' lang='lat' dir='ltr'><strong>gravitate,</strong></span> <span class='ocrx_word' id='word_1_99' title='bbox 1721 1282 1961 1339; x_wconf 84' lang='lat' dir='ltr'><strong>virtute:</strong></span> <span class='ocrx_word' id='word_1_100' title='bbox 2003 1282 2217 1339; x_wconf 87' lang='lat' dir='ltr'><strong>bellum</strong></span> 
     </span>
     <span class='ocr_line' id='line_1_14' title="bbox 208 1360 2215 1436; baseline 0.001 -19"><span class='ocrx_word' id='word_1_101' title='bbox 208 1360 300 1427; x_wconf 65' lang='lat' dir='ltr'><strong>‚in</strong></span> <span class='ocrx_word' id='word_1_102' title='bbox 332 1361 536 1418; x_wconf 67' lang='lat' dir='ltr'><strong>Africa</strong></span> <span class='ocrx_word' id='word_1_103' title='bbox 564 1361 876 1418; x_wconf 85' lang='lat' dir='ltr'><strong>maximum</strong></span> <span class='ocrx_word' id='word_1_104' title='bbox 908 1361 1190 1431; x_wconf 84' lang='lat' dir='ltr'><strong>confecit3</strong></span> <span class='ocrx_word' id='word_1_105' title='bbox 1234 1360 1507 1418; x_wconf 89' lang='lat' dir='ltr'><strong>victorem</strong></span> <span class='ocrx_word' id='word_1_106' title='bbox 1537 1361 1852 1418; x_wconf 87' lang='lat' dir='ltr'><strong>exercitum</strong></span> <span class='ocrx_word' id='word_1_107' title='bbox 1886 1361 2215 1436; x_wconf 85' lang='lat' dir='ltr'><strong>deportavit.</strong></span> 
     </span>
     <span class='ocr_line' id='line_1_15' title="bbox 231 1438 2220 1516; baseline -0.002 -16"><span class='ocrx_word' id='word_1_108' title='bbox 231 1438 405 1500; x_wconf 80' lang='lat' dir='ltr'><strong>Quid</strong></span> <span class='ocrx_word' id='word_1_109' title='bbox 434 1438 567 1497; x_wconf 76' lang='lat' dir='ltr'><strong>vero</strong></span> <span class='ocrx_word' id='word_1_110' title='bbox 611 1450 731 1497; x_wconf 92' lang='lat' dir='ltr'><strong>tam</strong></span> <span class='ocrx_word' id='word_1_111' title='bbox 776 1440 1119 1511; x_wconf 89' lang='lat' dir='ltr'><strong>inauditum,</strong></span> <span class='ocrx_word' id='word_1_112' title='bbox 1148 1438 1320 1516; x_wconf 68' lang='lat' dir='ltr'><strong>quam</strong></span> <span class='ocrx_word' id='word_1_113' title='bbox 1366 1440 1617 1515; x_wconf 88' lang='lat' dir='ltr'><strong>equitem</strong></span> <span class='ocrx_word' id='word_1_114' title='bbox 1662 1439 1994 1497; x_wconf 86' lang='lat' dir='ltr'><strong>Romanum</strong></span> <span class='ocrx_word' id='word_1_115' title='bbox 2022 1441 2220 1497; x_wconf 86' lang='lat' dir='ltr'><strong>trium·</strong></span> 
     </span>
     <span class='ocr_line' id='line_1_16' title="bbox 231 1518 2316 1595; baseline 0.003 -21"><span class='ocrx_word' id='word_1_116' title='bbox 231 1518 456 1594; x_wconf 86' lang='lat' dir='ltr'><strong>phare&#39;l</strong></span> <span class='ocrx_word' id='word_1_117' title='bbox 515 1529 573 1575; x_wconf 86' lang='lat' dir='ltr'><strong>at</strong></span> <span class='ocrx_word' id='word_1_118' title='bbox 626 1538 757 1576; x_wconf 88' lang='lat' dir='ltr'><strong>eam</strong></span> <span class='ocrx_word' id='word_1_119' title='bbox 798 1539 1022 1595; x_wconf 92' lang='lat' dir='ltr'><strong>quoque</strong></span> <span class='ocrx_word' id='word_1_120' title='bbox 1070 1538 1189 1576; x_wconf 90' lang='lat' dir='ltr'><strong>rem</strong></span> <span class='ocrx_word' id='word_1_121' title='bbox 1236 1518 1476 1595; x_wconf 88' lang='lat' dir='ltr'><strong>populus</strong></span> <span class='ocrx_word' id='word_1_122' title='bbox 1531 1519 1832 1576; x_wconf 87' lang='lat' dir='ltr'><strong>Romanus</strong></span> <span class='ocrx_word' id='word_1_123' title='bbox 1877 1537 1991 1575; x_wconf 91' lang='lat' dir='ltr'><strong>non</strong></span> <span class='ocrx_word' id='word_1_124' title='bbox 2046 1518 2214 1577; x_wconf 74' lang='lat' dir='ltr'><strong>modo</strong></span> <span class='ocrx_word' id='word_1_125' title='bbox 2251 1527 2316 1581; x_wconf 85' lang='lat'><strong>15</strong></span> 
     </span>
     <span class='ocr_line' id='line_1_17' title="bbox 233 1597 2216 1668; baseline 0.002 -16"><span class='ocrx_word' id='word_1_126' title='bbox 233 1597 401 1668; x_wconf 88' lang='lat' dir='ltr'><strong>vidit,</strong></span> <span class='ocrx_word' id='word_1_127' title='bbox 446 1598 569 1654; x_wconf 88' lang='lat' dir='ltr'><strong>sed</strong></span> <span class='ocrx_word' id='word_1_128' title='bbox 591 1597 768 1655; x_wconf 87' lang='lat' dir='ltr'><strong>etiam</strong></span> <span class='ocrx_word' id='word_1_129' title='bbox 821 1598 977 1656; x_wconf 83' lang='lat' dir='ltr'><strong>omni</strong></span> <span class='ocrx_word' id='word_1_130' title='bbox 1025 1598 1213 1657; x_wconf 90' lang='lat' dir='ltr'><strong>studio</strong></span> <span class='ocrx_word' id='word_1_131' title='bbox 1256 1597 1553 1655; x_wconf 88' lang='lat' dir='ltr'><strong>visendam</strong></span> <span class='ocrx_word' id='word_1_132' title='bbox 1596 1608 1655 1655; x_wconf 94' lang='lat' dir='ltr'><strong>et</strong></span> <span class='ocrx_word' id='word_1_133' title='bbox 1698 1597 2216 1655; x_wconf 78' lang='lat' dir='ltr'><strong>concelebrandam</strong></span> 
     </span>
     <span class='ocr_line' id='line_1_18' title="bbox 231 1674 2217 1752; baseline 0.002 -20"><span class='ocrx_word' id='word_1_134' title='bbox 231 1677 474 1752; x_wconf 80' lang='lat' dir='ltr'><strong>putavit.</strong></span> <span class='ocrx_word' id='word_1_135' title='bbox 554 1676 723 1738; x_wconf 83' lang='lat' dir='ltr'><strong>Quid</strong></span> <span class='ocrx_word' id='word_1_136' title='bbox 769 1686 884 1734; x_wconf 88' lang='lat' dir='ltr'><strong>tam</strong></span> <span class='ocrx_word' id='word_1_137' title='bbox 930 1677 1287 1747; x_wconf 85' lang='lat' dir='ltr'><strong>inusitatum,</strong></span> <span class='ocrx_word' id='word_1_138' title='bbox 1316 1674 1490 1751; x_wconf 68' lang='lat' dir='ltr'><strong>quam</strong></span> <span class='ocrx_word' id='word_1_139' title='bbox 1533 1685 1615 1747; x_wconf 91' lang='lat' dir='ltr'><strong>ut,</strong></span> <span class='ocrx_word' id='word_1_140' title='bbox 1647 1676 1783 1734; x_wconf 79' lang='lat' dir='ltr'><strong>cum</strong></span> <span class='ocrx_word' id='word_1_141' title='bbox 1812 1677 1927 1733; x_wconf 91' lang='lat' dir='ltr'><strong>duo</strong></span> <span class='ocrx_word' id='word_1_142' title='bbox 1953 1678 2217 1735; x_wconf 85' lang='lat' dir='ltr'><strong>consules</strong></span> 
     </span>
     <span class='ocr_line' id='line_1_19' title="bbox 233 1754 2217 1831; baseline 0.001 -20"><span class='ocrx_word' id='word_1_143' title='bbox 233 1754 542 1812; x_wconf 79' lang='lat' dir='ltr'><strong>clarissimi</strong></span> <span class='ocrx_word' id='word_1_144' title='bbox 590 1755 994 1831; x_wconf 83' lang='lat' dir='ltr'><strong>fortissimique</strong></span> <span class='ocrx_word' id='word_1_145' title='bbox 1047 1766 1258 1827; x_wconf 89' lang='lat' dir='ltr'><strong>essent,</strong></span> <span class='ocrx_word' id='word_1_146' title='bbox 1303 1775 1479 1830; x_wconf 88' lang='lat' dir='ltr'><strong>eques</strong></span> <span class='ocrx_word' id='word_1_147' title='bbox 1534 1755 1838 1813; x_wconf 87' lang='lat' dir='ltr'><strong>Romanus</strong></span> <span class='ocrx_word' id='word_1_148' title='bbox 1883 1756 1955 1811; x_wconf 85' lang='lat' dir='ltr'><strong>ad</strong></span> <span class='ocrx_word' id='word_1_149' title='bbox 2003 1756 2217 1813; x_wconf 87' lang='lat' dir='ltr'><strong>bellum</strong></span> 
     </span>
     <span class='ocr_line' id='line_1_20' title="bbox 236 1834 2215 1911; baseline -0.002 -17"><span class='ocrx_word' id='word_1_150' title='bbox 236 1835 553 1906; x_wconf 82' lang='lat' dir='ltr'><strong>maximum</strong></span> <span class='ocrx_word' id='word_1_151' title='bbox 621 1834 1318 1910; x_wconf 83' lang='lat' dir='ltr'><strong>formidolosissimumque</strong></span> <span class='ocrx_word' id='word_1_152' title='bbox 1384 1853 1488 1911; x_wconf 93' lang='lat' dir='ltr'><strong>pro</strong></span> <span class='ocrx_word' id='word_1_153' title='bbox 1552 1834 1787 1892; x_wconf 86' lang='lat' dir='ltr'><strong>consule</strong></span> <span class='ocrx_word' id='word_1_154' title='bbox 1853 1834 2215 1893; x_wconf 64' lang='lat' dir='ltr'><strong>mitteretur?</strong></span> 
     </span>
    </p>
   </div>
   <div class='ocr_carea' id='block_1_3' title="bbox 233 1904 2366 1989">
    <p class='ocr_par' dir='ltr' id='par_1_3' title="bbox 233 1904 2366 1989">
     <span class='ocr_line' id='line_1_21' title="bbox 233 1904 2366 1989; baseline 0 -20"><span class='ocrx_word' id='word_1_155' title='bbox 233 1913 450 1970; x_wconf 83' lang='lat' dir='ltr'><strong>missus</strong></span> <span class='ocrx_word' id='word_1_156' title='bbox 491 1923 593 1971; x_wconf 86' lang='lat' dir='ltr'><strong>est.</strong></span> <span class='ocrx_word' id='word_1_157' title='bbox 675 1913 816 1975; x_wconf 82' lang='lat' dir='ltr'><strong>Quo</strong></span> <span class='ocrx_word' id='word_1_158' title='bbox 856 1914 1089 1989; x_wconf 90' lang='lat' dir='ltr'><strong>quidem</strong></span> <span class='ocrx_word' id='word_1_159' title='bbox 1132 1922 1407 1989; x_wconf 84' lang='lat' dir='ltr'><strong>tempore,</strong></span> <span class='ocrx_word' id='word_1_160' title='bbox 1455 1911 1591 1970; x_wconf 71' lang='lat' dir='ltr'><strong>cum</strong></span> <span class='ocrx_word' id='word_1_161' title='bbox 1635 1923 1787 1970; x_wconf 87' lang='lat' dir='ltr'><strong>esset</strong></span> <span class='ocrx_word' id='word_1_162' title='bbox 1829 1932 2115 1970; x_wconf 82' lang='lat' dir='ltr'><strong>nonnemo</strong></span> <span class='ocrx_word' id='word_1_163' title='bbox 2157 1913 2218 1970; x_wconf 92' lang='lat' dir='ltr'><strong>in</strong></span> <span class='ocrx_word' id='word_1_164' title='bbox 2244 1915 2318 1968; x_wconf 79' lang='lat'><strong>20</strong></span> <span class='ocrx_word' id='word_1_165' title='bbox 2363 1904 2366 1907; x_wconf 38' lang='lat'>¹</span> 
     </span>
    </p>
   </div>
   <div class='ocr_carea' id='block_1_4' title="bbox 230 1992 2258 2306">
    <p class='ocr_par' dir='ltr' id='par_1_4' title="bbox 230 1992 2258 2306">
     <span class='ocr_line' id='line_1_22' title="bbox 233 1992 2217 2069; baseline -0.001 -21"><span class='ocrx_word' id='word_1_166' title='bbox 233 2003 464 2062; x_wconf 84' lang='lat' dir='ltr'><strong>senatu,</strong></span> <span class='ocrx_word' id='word_1_167' title='bbox 492 1993 591 2068; x_wconf 91' lang='lat' dir='ltr'><strong>qui</strong></span> <span class='ocrx_word' id='word_1_168' title='bbox 619 1993 857 2064; x_wconf 90' lang='lat' dir='ltr'><strong>diceret,</strong></span> <span class='ocrx_word' id='word_1_169' title='bbox 887 2000 923 2025; x_wconf 88' lang='lat'><strong><em>“</em></strong></span> <span class='ocrx_word' id='word_1_170' title='bbox 945 1992 1079 2050; x_wconf 91' lang='lat' dir='ltr'><strong>Non</strong></span> <span class='ocrx_word' id='word_1_171' title='bbox 1106 2004 1365 2069; x_wconf 88' lang='lat' dir='ltr'><strong>oportere</strong></span> <span class='ocrx_word' id='word_1_172' title='bbox 1409 1992 1557 2069; x_wconf 82' lang='lat' dir='ltr'><strong>mitti</strong></span> <span class='ocrx_word' id='word_1_173' title='bbox 1601 1992 1889 2049; x_wconf 88' lang='lat' dir='ltr'><strong>hominem</strong></span> <span class='ocrx_word' id='word_1_174' title='bbox 1936 1992 2217 2068; x_wconf 88' lang='lat' dir='ltr'><strong>privatum</strong></span> 
     </span>
     <span class='ocr_line' id='line_1_23' title="bbox 230 2070 2217 2148; baseline -0.001 -21"><span class='ocrx_word' id='word_1_175' title='bbox 230 2089 338 2146; x_wconf 91' lang='lat' dir='ltr'><strong>pro</strong></span> <span class='ocrx_word' id='word_1_176' title='bbox 381 2072 618 2129; x_wconf 86' lang='lat' dir='ltr'><strong>consule</strong></span> <span class='ocrx_word' id='word_1_177' title='bbox 635 2073 689 2142; x_wconf 90' lang='lat'><strong>;&#39;’</strong></span> <span class='ocrx_word' id='word_1_178' title='bbox 733 2070 799 2129; x_wconf 92' lang='lat' dir='ltr'><strong>L.</strong></span> <span class='ocrx_word' id='word_1_179' title='bbox 846 2071 1142 2148; x_wconf 83' lang='lat' dir='ltr'><strong>Philippus</strong></span> <span class='ocrx_word' id='word_1_180' title='bbox 1186 2071 1399 2128; x_wconf 87' lang='lat' dir='ltr'><strong>dixisse</strong></span> <span class='ocrx_word' id='word_1_181' title='bbox 1442 2071 1674 2142; x_wconf 91' lang='lat' dir='ltr'><strong>dicitur,</strong></span> <span class='ocrx_word' id='word_1_182' title='bbox 1713 2070 1907 2128; x_wconf 91' lang='lat' dir='ltr'><strong>“Non</strong></span> <span class='ocrx_word' id='word_1_183' title='bbox 1951 2090 2014 2126; x_wconf 89' lang='lat' dir='ltr'><strong>se</strong></span> <span class='ocrx_word' id='word_1_184' title='bbox 2057 2070 2217 2127; x_wconf 90' lang='lat' dir='ltr'><strong>illum</strong></span> 
     </span>
     <span class='ocr_line' id='line_1_24' title="bbox 235 2149 2215 2227; baseline -0.001 -21"><span class='ocrx_word' id='word_1_185' title='bbox 235 2149 344 2206; x_wconf 63' lang='lat' dir='ltr'><strong>sua</strong></span> <span class='ocrx_word' id='word_1_186' title='bbox 399 2150 687 2209; x_wconf 67' lang='lat' dir='ltr'><strong>sententia</strong></span> <span class='ocrx_word' id='word_1_187' title='bbox 740 2170 841 2227; x_wconf 88' lang='lat' dir='ltr'><strong>pro</strong></span> <span class='ocrx_word' id='word_1_188' title='bbox 893 2151 1150 2222; x_wconf 87' lang='lat' dir='ltr'><strong>consule,</strong></span> <span class='ocrx_word' id='word_1_189' title='bbox 1204 2150 1306 2207; x_wconf 88' lang='lat' dir='ltr'><strong>sed</strong></span> <span class='ocrx_word' id='word_1_190' title='bbox 1374 2169 1475 2225; x_wconf 89' lang='lat' dir='ltr'><strong>pro</strong></span> <span class='ocrx_word' id='word_1_191' title='bbox 1528 2149 1879 2220; x_wconf 76' lang='lat' dir='ltr'><strong>consulibuS,</strong></span> <span class='ocrx_word' id='word_1_192' title='bbox 1934 2149 2215 2206; x_wconf 89' lang='lat' dir='ltr'><strong>mittere.&#39;&#39;</strong></span> 
     </span>
     <span class='ocr_line' id='line_1_25' title="bbox 235 2224 2258 2306; baseline -0.001 -22"><span class='ocrx_word' id='word_1_193' title='bbox 235 2226 438 2286; x_wconf 84' lang='lat' dir='ltr'><strong>Tanta</strong></span> <span class='ocrx_word' id='word_1_194' title='bbox 480 2229 541 2287; x_wconf 91' lang='lat' dir='ltr'><strong>in</strong></span> <span class='ocrx_word' id='word_1_195' title='bbox 584 2249 654 2288; x_wconf 90' lang='lat' dir='ltr'><strong>eo</strong></span> <span class='ocrx_word' id='word_1_196' title='bbox 696 2229 1026 2306; x_wconf 84' lang='lat' dir='ltr'><strong>reipublicae</strong></span> <span class='ocrx_word' id='word_1_197' title='bbox 1071 2227 1220 2287; x_wconf 68' lang='lat' dir='ltr'><strong>bene</strong></span> <span class='ocrx_word' id='word_1_198' title='bbox 1270 2229 1537 2306; x_wconf 86' lang='lat' dir='ltr'><strong>gerendae</strong></span> <span class='ocrx_word' id='word_1_199' title='bbox 1575 2247 1703 2303; x_wconf 86' lang='lat' dir='ltr'><strong>spes</strong></span> <span class='ocrx_word' id='word_1_200' title='bbox 1746 2224 2217 2299; x_wconf 86' lang='lat' dir='ltr'><strong>constituebatur,</strong></span> <span class='ocrx_word' id='word_1_201' title='bbox 2250 2271 2258 2281; x_wconf 90' lang='grc'><strong><em>,</em></strong></span> 
     </span>
    </p>
   </div>
   <div class='ocr_carea' id='block_1_5' title="bbox 234 2297 2403 2378">
    <p class='ocr_par' dir='ltr' id='par_1_5' title="bbox 234 2297 2403 2378">
     <span class='ocr_line' id='line_1_26' title="bbox 234 2297 2403 2378; baseline -0 -14"><span class='ocrx_word' id='word_1_202' title='bbox 234 2318 302 2364; x_wconf 88' lang='lat' dir='ltr'><strong>ut</strong></span> <span class='ocrx_word' id='word_1_203' title='bbox 330 2308 573 2378; x_wconf 87' lang='lat' dir='ltr'><strong>duorum</strong></span> <span class='ocrx_word' id='word_1_204' title='bbox 602 2309 903 2367; x_wconf 86' lang='lat' dir='ltr'><strong>consulum</strong></span> <span class='ocrx_word' id='word_1_205' title='bbox 947 2327 1158 2371; x_wconf 82' lang='lat' dir='ltr'><strong>munus</strong></span> <span class='ocrx_word' id='word_1_206' title='bbox 1204 2308 1378 2365; x_wconf 89' lang='lat' dir='ltr'><strong>unius</strong></span> <span class='ocrx_word' id='word_1_207' title='bbox 1423 2307 1804 2365; x_wconf 86' lang='lat' dir='ltr'><strong>adolescentis</strong></span> <span class='ocrx_word' id='word_1_208' title='bbox 1830 2306 2024 2363; x_wconf 84' lang='lat' dir='ltr'><strong>virtuti</strong></span> <span class='ocrx_word' id='word_1_209' title='bbox 2070 2326 2221 2365; x_wconf 89' lang='lat' dir='ltr'><strong>com-</strong></span> <span class='ocrx_word' id='word_1_210' title='bbox 2246 2306 2317 2363; x_wconf 79' lang='lat'><strong>25</strong></span> <span class='ocrx_word' id='word_1_211' title='bbox 2399 2297 2403 2306; x_wconf 54' lang='lat'><strong>⁴</strong></span> 
     </span>
    </p>
   </div>
   <div class='ocr_carea' id='block_1_6' title="bbox 156 2380 2326 3881">
    <p class='ocr_par' dir='ltr' id='par_1_6' title="bbox 156 2380 2326 3881">
     <span class='ocr_line' id='line_1_27' title="bbox 198 2380 2222 2464; baseline 0.001 -22"><span class='ocrx_word' id='word_1_212' title='bbox 198 2380 210 2391; x_wconf 72' lang='grc'>’</span> <span class='ocrx_word' id='word_1_213' title='bbox 235 2387 579 2445; x_wconf 90' lang='lat' dir='ltr'><strong>mitteretur.</strong></span> <span class='ocrx_word' id='word_1_214' title='bbox 660 2388 828 2450; x_wconf 79' lang='lat' dir='ltr'><strong>Quid</strong></span> <span class='ocrx_word' id='word_1_215' title='bbox 870 2398 987 2445; x_wconf 90' lang='lat' dir='ltr'><strong>tam</strong></span> <span class='ocrx_word' id='word_1_216' title='bbox 1033 2388 1344 2464; x_wconf 85' lang='lat' dir='ltr'><strong>singulare,</strong></span> <span class='ocrx_word' id='word_1_217' title='bbox 1373 2386 1546 2462; x_wconf 67' lang='lat' dir='ltr'><strong>quam</strong></span> <span class='ocrx_word' id='word_1_218' title='bbox 1591 2398 1673 2457; x_wconf 91' lang='lat' dir='ltr'><strong>ut,</strong></span> <span class='ocrx_word' id='word_1_219' title='bbox 1718 2406 1789 2443; x_wconf 87' lang='lat' dir='ltr'><strong>ex</strong></span> <span class='ocrx_word' id='word_1_220' title='bbox 1829 2386 2222 2444; x_wconf 76' lang='lat' dir='ltr'><strong>senatus-con-</strong></span> 
     </span>
     <span class='ocr_line' id='line_1_28' title="bbox 236 2463 2220 2542; baseline 0.001 -21"><span class='ocrx_word' id='word_1_221' title='bbox 236 2466 408 2536; x_wconf 80' lang='lat' dir='ltr'><strong>salto,</strong></span> <span class='ocrx_word' id='word_1_222' title='bbox 438 2466 664 2542; x_wconf 81' lang='lat' dir='ltr'><strong>legibus</strong></span> <span class='ocrx_word' id='word_1_223' title='bbox 695 2467 931 2538; x_wconf 78' lang='lat' dir='ltr'><strong>solutuS,</strong></span> <span class='ocrx_word' id='word_1_224' title='bbox 961 2467 1162 2524; x_wconf 88' lang='lat' dir='ltr'><strong>consul</strong></span> <span class='ocrx_word' id='word_1_225' title='bbox 1208 2465 1341 2523; x_wconf 76' lang='lat' dir='ltr'><strong>ante</strong></span> <span class='ocrx_word' id='word_1_226' title='bbox 1392 2467 1572 2537; x_wconf 88' lang='lat' dir='ltr'><strong>fieret,</strong></span> <span class='ocrx_word' id='word_1_227' title='bbox 1599 2463 1773 2541; x_wconf 65' lang='lat' dir='ltr'><strong>quam</strong></span> <span class='ocrx_word' id='word_1_228' title='bbox 1818 2466 1997 2522; x_wconf 88' lang='lat' dir='ltr'><strong>ullum</strong></span> <span class='ocrx_word' id='word_1_229' title='bbox 2043 2465 2220 2522; x_wconf 84' lang='lat' dir='ltr'><strong>alium</strong></span> 
     </span>
     <span class='ocr_line' id='line_1_29' title="bbox 235 2544 2216 2623; baseline 0.001 -22"><span class='ocrx_word' id='word_1_230' title='bbox 235 2545 639 2623; x_wconf 86' lang='lat' dir='ltr'><strong>magistratum</strong></span> <span class='ocrx_word' id='word_1_231' title='bbox 667 2566 765 2623; x_wconf 90' lang='lat' dir='ltr'><strong>per</strong></span> <span class='ocrx_word' id='word_1_232' title='bbox 792 2546 1186 2623; x_wconf 82' lang='lat' dir='ltr'><strong>leges&#39;capere</strong></span> <span class='ocrx_word' id='word_1_233' title='bbox 1213 2545 1515 2603; x_wconf 64' lang='lat' dir='ltr'><strong>licuisset?</strong></span> <span class='ocrx_word' id='word_1_234' title='bbox 1557 2545 1693 2620; x_wconf 92' lang='lat' dir='ltr'><strong>quid</strong></span> <span class='ocrx_word' id='word_1_235' title='bbox 1716 2555 1834 2601; x_wconf 91' lang='lat' dir='ltr'><strong>tam</strong></span> <span class='ocrx_word' id='word_1_236' title='bbox 1857 2544 2216 2616; x_wconf 81' lang='lat' dir='ltr'><strong>incredibile,</strong></span> 
     </span>
     <span class='ocr_line' id='line_1_30' title="bbox 235 2621 2221 2701; baseline 0.001 -22"><span class='ocrx_word' id='word_1_237' title='bbox 235 2621 413 2698; x_wconf 71' lang='lat' dir='ltr'><strong>quam</strong></span> <span class='ocrx_word' id='word_1_238' title='bbox 443 2635 506 2680; x_wconf 91' lang='lat' dir='ltr'><strong>ut</strong></span> <span class='ocrx_word' id='word_1_239' title='bbox 546 2624 753 2682; x_wconf 89' lang='lat' dir='ltr'><strong>iterum</strong></span> <span class='ocrx_word' id='word_1_240' title='bbox 785 2645 960 2701; x_wconf 88' lang='lat' dir='ltr'><strong>eques</strong></span> <span class='ocrx_word' id='word_1_241' title='bbox 1003 2625 1307 2682; x_wconf 85' lang='lat' dir='ltr'><strong>Romanus</strong></span> <span class='ocrx_word' id='word_1_242' title='bbox 1351 2644 1420 2683; x_wconf 86' lang='lat' dir='ltr'><strong>ex</strong></span> <span class='ocrx_word' id='word_1_243' title='bbox 1464 2624 1981 2681; x_wconf 67' lang='lat' dir='ltr'><strong>senatus-consulto</strong></span> <span class='ocrx_word' id='word_1_244' title='bbox 2022 2625 2221 2693; x_wconf 88' lang='lat' dir='ltr'><strong>trium-</strong></span> 
     </span>
     <span class='ocr_line' id='line_1_31' title="bbox 234 2690 2326 2793; baseline 0.001 -35"><span class='ocrx_word' id='word_1_245' title='bbox 234 2703 482 2778; x_wconf 69' lang='lat' dir='ltr'><strong>pharet?</strong></span> <span class='ocrx_word' id='word_1_246' title='bbox 502 2690 530 2793; x_wconf 61' lang='grc' dir='ltr'><strong><em>ί</em></strong></span> <span class='ocrx_word' id='word_1_247' title='bbox 546 2703 702 2765; x_wconf 79' lang='lat' dir='ltr'><strong>Quae</strong></span> <span class='ocrx_word' id='word_1_248' title='bbox 748 2704 806 2763; x_wconf 89' lang='lat' dir='ltr'><strong>in</strong></span> <span class='ocrx_word' id='word_1_249' title='bbox 852 2704 1120 2762; x_wconf 85' lang='lat' dir='ltr'><strong>omnibus</strong></span> <span class='ocrx_word' id='word_1_250' title='bbox 1167 2703 1495 2761; x_wconf 84' lang='lat' dir='ltr'><strong>hominibus</strong></span> <span class='ocrx_word' id='word_1_251' title='bbox 1547 2722 1693 2761; x_wconf 85' lang='lat' dir='ltr'><strong>nova</strong></span> <span class='ocrx_word' id='word_1_252' title='bbox 1744 2714 1868 2779; x_wconf 89' lang='lat' dir='ltr'><strong>post</strong></span> <span class='ocrx_word' id='word_1_253' title='bbox 1921 2703 2218 2761; x_wconf 90' lang='lat' dir='ltr'><strong>hominum</strong></span> <span class='ocrx_word' id='word_1_254' title='bbox 2245 2709 2326 2782; x_wconf 75' lang='lat'><strong>3⁰</strong></span> 
     </span>
     <span class='ocr_line' id='line_1_32' title="bbox 236 2781 2282 2858; baseline 0.001 -21"><span class='ocrx_word' id='word_1_255' title='bbox 236 2781 575 2838; x_wconf 88' lang='lat' dir='ltr'><strong>memoriam</strong></span> <span class='ocrx_word' id='word_1_256' title='bbox 620 2783 933 2841; x_wconf 84' lang='lat' dir='ltr'><strong>constituta</strong></span> <span class='ocrx_word' id='word_1_257' title='bbox 979 2792 1132 2853; x_wconf 85' lang='lat' dir='ltr'><strong>sunt,</strong></span> <span class='ocrx_word' id='word_1_258' title='bbox 1176 2801 1248 2842; x_wconf 82' lang='lat' dir='ltr'><strong>ea</strong></span> <span class='ocrx_word' id='word_1_259' title='bbox 1294 2793 1412 2839; x_wconf 85' lang='lat' dir='ltr'><strong>tam</strong></span> <span class='ocrx_word' id='word_1_260' title='bbox 1459 2801 1557 2839; x_wconf 89' lang='lat' dir='ltr'><strong>mu</strong></span> <span class='ocrx_word' id='word_1_261' title='bbox 1581 2793 1639 2839; x_wconf 84' lang='lat' dir='ltr'><strong>ta</strong></span> <span class='ocrx_word' id='word_1_262' title='bbox 1686 2802 1798 2840; x_wconf 84' lang='lat' dir='ltr'><strong>non</strong></span> <span class='ocrx_word' id='word_1_263' title='bbox 1843 2792 1995 2854; x_wconf 88' lang='lat' dir='ltr'><strong>sunt,</strong></span> <span class='ocrx_word' id='word_1_264' title='bbox 2044 2782 2217 2858; x_wconf 66' lang='lat' dir='ltr'><strong>quam</strong></span> <span class='ocrx_word' id='word_1_265' title='bbox 2277 2855 2282 2858; x_wconf 9' lang='grc' dir='ltr'><em>ἠ</em></span> 
     </span>
     <span class='ocr_line' id='line_1_33' title="bbox 236 2859 2219 2936; baseline 0.001 -20"><span class='ocrx_word' id='word_1_266' title='bbox 236 2859 388 2929; x_wconf 85' lang='lat' dir='ltr'><strong>haec,</strong></span> <span class='ocrx_word' id='word_1_267' title='bbox 417 2880 543 2935; x_wconf 81' lang='lat' dir='ltr'><strong>quae</strong></span> <span class='ocrx_word' id='word_1_268' title='bbox 587 2861 647 2919; x_wconf 94' lang='lat' dir='ltr'><strong>in</strong></span> <span class='ocrx_word' id='word_1_269' title='bbox 692 2862 802 2920; x_wconf 93' lang='lat' dir='ltr'><strong>hoc</strong></span> <span class='ocrx_word' id='word_1_270' title='bbox 847 2881 962 2919; x_wconf 90' lang='lat' dir='ltr'><strong>uno</strong></span> <span class='ocrx_word' id='word_1_271' title='bbox 1004 2862 1235 2920; x_wconf 87' lang='lat' dir='ltr'><strong>homine</strong></span> <span class='ocrx_word' id='word_1_272' title='bbox 1271 2861 1535 2918; x_wconf 87' lang='lat' dir='ltr'><strong>vidimus.</strong></span> <span class='ocrx_word' id='word_1_273' title='bbox 1619 2860 1811 2936; x_wconf 88' lang='lat' dir='ltr'><strong>Atque</strong></span> <span class='ocrx_word' id='word_1_274' title='bbox 1854 2863 1980 2919; x_wconf 86' lang='lat' dir='ltr'><strong>haec</strong></span> <span class='ocrx_word' id='word_1_275' title='bbox 2016 2872 2099 2919; x_wconf 93' lang='lat' dir='ltr'><strong>tot</strong></span> <span class='ocrx_word' id='word_1_276' title='bbox 2126 2881 2219 2918; x_wconf 90' lang='lat' dir='ltr'><strong>ex-</strong></span> 
     </span>
     <span class='ocr_line' id='line_1_34' title="bbox 237 2938 2224 3018; baseline 0.001 -22"><span class='ocrx_word' id='word_1_277' title='bbox 237 2938 449 3015; x_wconf 87' lang='lat' dir='ltr'><strong>empla,</strong></span> <span class='ocrx_word' id='word_1_278' title='bbox 480 2949 658 3012; x_wconf 87' lang='lat' dir='ltr'><strong>tanta,</strong></span> <span class='ocrx_word' id='word_1_279' title='bbox 689 2960 760 2998; x_wconf 88' lang='lat' dir='ltr'><strong>ac</strong></span> <span class='ocrx_word' id='word_1_280' title='bbox 785 2950 905 2997; x_wconf 88' lang='lat' dir='ltr'><strong>tam</strong></span> <span class='ocrx_word' id='word_1_281' title='bbox 932 2960 1098 3011; x_wconf 87' lang='lat' dir='ltr'><strong>nova,</strong></span> <span class='ocrx_word' id='word_1_282' title='bbox 1120 2939 1377 3016; x_wconf 84' lang='lat' dir='ltr'><strong>profecta</strong></span> <span class='ocrx_word' id='word_1_283' title='bbox 1402 2951 1535 3018; x_wconf 77' lang='lat' dir='ltr'><strong>sunt</strong></span> <span class='ocrx_word' id='word_1_284' title='bbox 1583 2960 1622 2997; x_wconf 93' lang='lat' dir='ltr'><strong>n</strong></span> <span class='ocrx_word' id='word_1_285' title='bbox 1651 2941 1899 2998; x_wconf 87' lang='lat' dir='ltr'><strong>eundem</strong></span> <span class='ocrx_word' id='word_1_286' title='bbox 1928 2941 2224 2998; x_wconf 88' lang='lat' dir='ltr'><strong>hominem</strong></span> 
     </span>
     <span class='ocr_line' id='line_1_35' title="bbox 238 3016 2218 3096; baseline 0.001 -22"><span class='ocrx_word' id='word_1_287' title='bbox 238 3035 273 3074; x_wconf 89' lang='lat' dir='ltr'><strong>a</strong></span> <span class='ocrx_word' id='word_1_288' title='bbox 301 3016 382 3079; x_wconf 77' lang='lat' dir='ltr'><strong>Q.</strong></span> <span class='ocrx_word' id='word_1_289' title='bbox 415 3018 631 3089; x_wconf 87' lang='lat' dir='ltr'><strong>Catuli,</strong></span> <span class='ocrx_word' id='word_1_290' title='bbox 663 3029 833 3094; x_wconf 84' lang='lat' dir='ltr'><strong>atque</strong></span> <span class='ocrx_word' id='word_1_291' title='bbox 875 3039 909 3076; x_wconf 86' lang='lat' dir='ltr'><strong>a</strong></span> <span class='ocrx_word' id='word_1_292' title='bbox 950 3030 1285 3076; x_wconf 60' lang='lat' dir='ltr'><strong>caeterorum</strong></span> <span class='ocrx_word' id='word_1_293' title='bbox 1327 3019 1583 3095; x_wconf 73' lang='lat' dir='ltr'><strong>ejusdem</strong></span> <span class='ocrx_word' id='word_1_294' title='bbox 1617 3019 1915 3096; x_wconf 85' lang='lat' dir='ltr'><strong>dignitatis</strong></span> <span class='ocrx_word' id='word_1_295' title='bbox 1943 3018 2218 3095; x_wconf 84' lang='lat' dir='ltr'><strong>amplissi-</strong></span> 
     </span>
     <span class='ocr_line' id='line_1_36' title="bbox 234 3097 2317 3170; baseline 0 -17"><span class='ocrx_word' id='word_1_296' title='bbox 234 3114 461 3153; x_wconf 87' lang='lat' dir='ltr'><strong>morum</strong></span> <span class='ocrx_word' id='word_1_297' title='bbox 492 3097 808 3170; x_wconf 87' lang='lat' dir='ltr'><strong>hominum,</strong></span> <span class='ocrx_word' id='word_1_298' title='bbox 840 3098 1194 3156; x_wconf 84' lang='lat' dir='ltr'><strong>auctoritate.</strong></span> <span class='ocrx_word' id='word_1_299' title='bbox 2244 3100 2317 3153; x_wconf 82' lang='lat'><strong>35</strong></span> 
     </span>
     <span class='ocr_line' id='line_1_37' title="bbox 318 3174 2215 3252; baseline -0.001 -20"><span class='ocrx_word' id='word_1_300' title='bbox 318 3174 529 3234; x_wconf 85' lang='lat' dir='ltr'><strong>XXII.</strong></span> <span class='ocrx_word' id='word_1_301' title='bbox 584 3176 790 3238; x_wconf 80' lang='lat' dir='ltr'><strong>Quare</strong></span> <span class='ocrx_word' id='word_1_302' title='bbox 818 3177 1069 3248; x_wconf 66' lang='lat' dir='ltr'><strong>uideant,</strong></span> <span class='ocrx_word' id='word_1_303' title='bbox 1087 3195 1162 3233; x_wconf 91' lang='lat' dir='ltr'><strong>ne</strong></span> <span class='ocrx_word' id='word_1_304' title='bbox 1179 3176 1253 3233; x_wconf 84' lang='lat' dir='ltr'><strong>sit</strong></span> <span class='ocrx_word' id='word_1_305' title='bbox 1277 3176 1640 3252; x_wconf 89' lang='lat' dir='ltr'><strong>periniquum</strong></span> <span class='ocrx_word' id='word_1_306' title='bbox 1668 3184 1725 3233; x_wconf 92' lang='lat' dir='ltr'><strong>et</strong></span> <span class='ocrx_word' id='word_1_307' title='bbox 1752 3195 1867 3233; x_wconf 86' lang='lat' dir='ltr'><strong>non</strong></span> <span class='ocrx_word' id='word_1_308' title='bbox 1896 3174 2215 3245; x_wconf 90' lang='lat' dir='ltr'><strong>ferendum,</strong></span> 
     </span>
     <span class='ocr_line' id='line_1_38' title="bbox 234 3253 2220 3331; baseline -0.002 -18"><span class='ocrx_word' id='word_1_309' title='bbox 234 3253 469 3315; x_wconf 69' lang='lat' dir='ltr'><strong>illorum</strong></span> <span class='ocrx_word' id='word_1_310' title='bbox 523 3256 919 3313; x_wconf 83' lang='lat' dir='ltr'><strong>auctoritatem</strong></span> <span class='ocrx_word' id='word_1_311' title='bbox 967 3256 1041 3313; x_wconf 90' lang='lat' dir='ltr'><strong>de</strong></span> <span class='ocrx_word' id='word_1_312' title='bbox 1084 3256 1194 3313; x_wconf 87' lang='lat' dir='ltr'><strong>Cn.</strong></span> <span class='ocrx_word' id='word_1_313' title='bbox 1241 3255 1497 3330; x_wconf 90' lang='lat' dir='ltr'><strong>Pompeii</strong></span> <span class='ocrx_word' id='word_1_314' title='bbox 1542 3255 1823 3331; x_wconf 87' lang='lat' dir='ltr'><strong>dignitate</strong></span> <span class='ocrx_word' id='word_1_315' title='bbox 1865 3254 2024 3311; x_wconf 88' lang='lat' dir='ltr'><strong>vobis</strong></span> <span class='ocrx_word' id='word_1_316' title='bbox 2067 3272 2220 3311; x_wconf 88' lang='lat' dir='ltr'><strong>com-</strong></span> 
     </span>
     <span class='ocr_line' id='line_1_39' title="bbox 232 3330 2218 3423; baseline -0.002 -32"><span class='ocrx_word' id='word_1_317' title='bbox 232 3330 537 3423; x_wconf 50' lang='lat' dir='ltr'><strong>probatam</strong></span> <span class='ocrx_word' id='word_1_318' title='bbox 582 3353 804 3410; x_wconf 86' lang='lat' dir='ltr'><strong>semper</strong></span> <span class='ocrx_word' id='word_1_319' title='bbox 847 3354 1004 3405; x_wconf 86' lang='lat' dir='ltr'><strong>esse;</strong></span> <span class='ocrx_word' id='word_1_320' title='bbox 1059 3345 1310 3392; x_wconf 86' lang='lat' dir='ltr'><strong>vestrum</strong></span> <span class='ocrx_word' id='word_1_321' title='bbox 1357 3335 1428 3390; x_wconf 90' lang='lat' dir='ltr'><strong>ab</strong></span> <span class='ocrx_word' id='word_1_322' title='bbox 1471 3334 1585 3391; x_wconf 88' lang='lat' dir='ltr'><strong>illis</strong></span> <span class='ocrx_word' id='word_1_323' title='bbox 1627 3334 1699 3390; x_wconf 92' lang='lat' dir='ltr'><strong>de</strong></span> <span class='ocrx_word' id='word_1_324' title='bbox 1742 3333 1944 3392; x_wconf 87' lang='lat' dir='ltr'><strong>eodem</strong></span> <span class='ocrx_word' id='word_1_325' title='bbox 1986 3331 2218 3390; x_wconf 89' lang='lat' dir='ltr'><strong>homine</strong></span> 
     </span>
     <span class='ocr_line' id='line_1_40' title="bbox 231 3408 2219 3489; baseline -0.005 -14"><span class='ocrx_word' id='word_1_326' title='bbox 231 3408 545 3489; x_wconf 55' lang='lat' dir='ltr'><strong>Judiflium.</strong></span> <span class='ocrx_word' id='word_1_327' title='bbox 585 3414 886 3488; x_wconf 88' lang='lat' dir='ltr'><strong>populique</strong></span> <span class='ocrx_word' id='word_1_328' title='bbox 926 3413 1181 3471; x_wconf 81' lang='lat' dir='ltr'><strong>Romani</strong></span> <span class='ocrx_word' id='word_1_329' title='bbox 1224 3413 1642 3483; x_wconf 81' lang='lat' dir='ltr'><strong>auctoritatem,</strong></span> <span class='ocrx_word' id='word_1_330' title='bbox 1685 3411 2025 3487; x_wconf 90' lang='lat' dir='ltr'><strong>improbari:</strong></span> <span class='ocrx_word' id='word_1_331' title='bbox 2078 3429 2219 3486; x_wconf 83' lang='lat' dir='ltr'><strong>prae-</strong></span> 
     </span>
     <span class='ocr_line' id='line_1_41' title="bbox 230 3484 2316 3568; baseline -0.001 -17"><span class='ocrx_word' id='word_1_332' title='bbox 230 3486 441 3555; x_wconf 55' lang='lat' dir='ltr'><strong>satim</strong></span> <span class='ocrx_word' id='word_1_333' title='bbox 484 3484 621 3549; x_wconf 51' lang='lat' dir='ltr'><strong>cum</strong></span> <span class='ocrx_word' id='word_1_334' title='bbox 655 3490 774 3566; x_wconf 77' lang='lat' dir='ltr'><strong>jam</strong></span> <span class='ocrx_word' id='word_1_335' title='bbox 819 3512 922 3550; x_wconf 83' lang='lat' dir='ltr'><strong>suo</strong></span> <span class='ocrx_word' id='word_1_336' title='bbox 957 3492 1087 3568; x_wconf 85' lang='lat' dir='ltr'><strong>jure</strong></span> <span class='ocrx_word' id='word_1_337' title='bbox 1129 3491 1369 3567; x_wconf 85' lang='lat' dir='ltr'><strong>populus</strong></span> <span class='ocrx_word' id='word_1_338' title='bbox 1411 3491 1716 3549; x_wconf 87' lang='lat' dir='ltr'><strong>Romanus</strong></span> <span class='ocrx_word' id='word_1_339' title='bbox 1750 3495 1811 3547; x_wconf 91' lang='lat' dir='ltr'><strong>in</strong></span> <span class='ocrx_word' id='word_1_340' title='bbox 1849 3490 1959 3551; x_wconf 85' lang='lat' dir='ltr'><strong>hoc</strong></span> <span class='ocrx_word' id='word_1_341' title='bbox 1986 3489 2217 3547; x_wconf 91' lang='lat' dir='ltr'><strong>homine</strong></span> <span class='ocrx_word' id='word_1_342' title='bbox 2245 3493 2316 3548; x_wconf 85' lang='lat'><strong>40</strong></span> 
     </span>
     <span class='ocr_line' id='line_1_42' title="bbox 232 3567 2218 3645; baseline -0.001 -19"><span class='ocrx_word' id='word_1_343' title='bbox 232 3630 243 3643; x_wconf 57' lang='grc'><strong>,</strong></span> <span class='ocrx_word' id='word_1_344' title='bbox 366 3568 371 3573; x_wconf 79' lang='grc'><strong><em>’</em></strong></span> <span class='ocrx_word' id='word_1_345' title='bbox 402 3567 867 3642; x_wconf 45' lang='grc' dir='ltr'><strong>ὑεῃιςεεε)ι·ἱὶειῐειτη,</strong></span> <span class='ocrx_word' id='word_1_346' title='bbox 909 3568 998 3628; x_wconf 84' lang='lat' dir='ltr'><strong>vel</strong></span> <span class='ocrx_word' id='word_1_347' title='bbox 1041 3582 1240 3628; x_wconf 85' lang='lat' dir='ltr'><strong>contra</strong></span> <span class='ocrx_word' id='word_1_348' title='bbox 1273 3588 1474 3627; x_wconf 89' lang='lat' dir='ltr'><strong>omnes</strong></span> <span class='ocrx_word' id='word_1_349' title='bbox 1512 3570 1611 3645; x_wconf 88' lang='lat' dir='ltr'><strong>qui</strong></span> <span class='ocrx_word' id='word_1_350' title='bbox 1652 3568 2014 3639; x_wconf 84' lang='lat' dir='ltr'><strong>dissentiunt,</strong></span> <span class='ocrx_word' id='word_1_351' title='bbox 2042 3567 2218 3644; x_wconf 84' lang='lat' dir='ltr'><strong>possit</strong></span> 
     </span>
     <span class='ocr_line' id='line_1_43' title="bbox 230 3581 2298 3725; baseline -0.001 -19"><span class='ocrx_word' id='word_1_352' title='bbox 230 3581 593 3725; x_wconf 37' lang='grc' dir='ltr'><strong>ὣς</strong></span> <span class='ocrx_word' id='word_1_353' title='bbox 645 3660 943 3725; x_wconf 88' lang='lat' dir='ltr'><strong>propterea</strong></span> <span class='ocrx_word' id='word_1_354' title='bbox 994 3646 1169 3725; x_wconf 73' lang='lat' dir='ltr'><strong>quod,</strong></span> <span class='ocrx_word' id='word_1_355' title='bbox 1212 3648 1336 3705; x_wconf 88' lang='lat' dir='ltr'><strong>istis</strong></span> <span class='ocrx_word' id='word_1_356' title='bbox 1389 3648 1856 3718; x_wconf 76' lang='lat' dir='ltr'><strong>reclamantibuS,</strong></span> <span class='ocrx_word' id='word_1_357' title='bbox 1898 3666 1995 3705; x_wconf 82' lang='lat' dir='ltr'><strong>vos</strong></span> <span class='ocrx_word' id='word_1_358' title='bbox 2035 3665 2235 3715; x_wconf 83' lang='lat' dir='ltr'><strong>unum,</strong></span> <span class='ocrx_word' id='word_1_359' title='bbox 2287 3708 2298 3719; x_wconf 50' lang='grc'><em>,</em></span> 
     </span>
     <span class='ocr_line' id='line_1_44' title="bbox 232 3722 2216 3804; baseline 0 -20"><span class='ocrx_word' id='word_1_360' title='bbox 232 3722 531 3793; x_wconf 54' lang='lat' dir='ltr'><strong>illum-m·</strong></span> <span class='ocrx_word' id='word_1_361' title='bbox 554 3728 822 3801; x_wconf 79' lang='lat' dir='ltr'><strong>omnibus</strong></span> <span class='ocrx_word' id='word_1_362' title='bbox 859 3728 1170 3804; x_wconf 77' lang='lat' dir='ltr'><strong>delegistiS,</strong></span> <span class='ocrx_word' id='word_1_363' title='bbox 1200 3745 1371 3801; x_wconf 90' lang='lat' dir='ltr'><strong>quem</strong></span> <span class='ocrx_word' id='word_1_364' title='bbox 1399 3727 1548 3784; x_wconf 92' lang='lat' dir='ltr'><strong>bello</strong></span> <span class='ocrx_word' id='word_1_365' title='bbox 1573 3726 1903 3801; x_wconf 84' lang='lat' dir='ltr'><strong>praedonum</strong></span> <span class='ocrx_word' id='word_1_366' title='bbox 1929 3745 2216 3802; x_wconf 85' lang='lat' dir='ltr'><strong>praepone-</strong></span> 
     </span>
     <span class='ocr_line' id='line_1_45' title="bbox 156 3802 2215 3881; baseline -0.001 -16"><span class='ocrx_word' id='word_1_367' title='bbox 156 3802 161 3807; x_wconf 59' lang='grc'>’</span> <span class='ocrx_word' id='word_1_368' title='bbox 235 3802 397 3867; x_wconf 59' lang='lat' dir='ltr'><strong>rods.</strong></span> <span class='ocrx_word' id='word_1_369' title='bbox 478 3804 615 3865; x_wconf 83' lang='lat' dir='ltr'><strong>Hoc</strong></span> <span class='ocrx_word' id='word_1_370' title='bbox 655 3806 705 3863; x_wconf 85' lang='lat' dir='ltr'><strong>si</strong></span> <span class='ocrx_word' id='word_1_371' title='bbox 741 3825 839 3865; x_wconf 83' lang='lat' dir='ltr'><strong>vos</strong></span> <span class='ocrx_word' id='word_1_372' title='bbox 873 3802 1097 3864; x_wconf 67' lang='lat' dir='ltr'><strong>temer&amp;</strong></span> <span class='ocrx_word' id='word_1_373' title='bbox 1122 3805 1359 3876; x_wconf 71' lang='lat' dir='ltr'><strong>fecistiS‚</strong></span> <span class='ocrx_word' id='word_1_374' title='bbox 1388 3815 1445 3862; x_wconf 84' lang='lat' dir='ltr'><strong>et</strong></span> <span class='ocrx_word' id='word_1_375' title='bbox 1473 3805 1557 3862; x_wconf 88' lang='lat' dir='ltr'><strong>rei</strong></span> <span class='ocrx_word' id='word_1_376' title='bbox 1582 3803 1828 3881; x_wconf 80' lang='lat' dir='ltr'><strong>publicae</strong></span> <span class='ocrx_word' id='word_1_377' title='bbox 1853 3823 2055 3881; x_wconf 87' lang='lat' dir='ltr'><strong>parum</strong></span> <span class='ocrx_word' id='word_1_378' title='bbox 2082 3824 2215 3862; x_wconf 87' lang='lat' dir='ltr'><strong>con·</strong></span> 
     </span>
    </p>
   </div>
   <div class='ocr_carea' id='block_1_7' title="bbox 2469 2756 2662 2775">
    <p class='ocr_par' dir='ltr' id='par_1_7' title="bbox 2469 2756 2662 2775">
     <span class='ocr_line' id='line_1_46' title="bbox 2469 2756 2662 2775; baseline 0 -5"><span class='ocrx_word' id='word_1_379' title='bbox 2469 2756 2662 2775; x_wconf 51' lang='grc' dir='ltr'><strong>αααααα</strong></span> 
     </span>
    </p>
   </div>
  </div>
 </body>
</html>
