2667 4242
751 274 1029 326 ORATIO
1075 275 1152 324 IN
1198 266 1271 325 M.
1318 276 1725 326 ANTONIUM.
2221 278 2339 339 145

248 416 460 493 impuri
501 417 626 489 filii,
655 428 929 495 tanquam
970 439 1198 491 nurum,
1230 421 1593 495 sequebatur.
1679 418 1736 477 Ο
1778 431 2001 478 miserae
2039 418 2242 480 mulie-

246 497 328 553 ris
356 497 794 555 foecunditatem
823 499 1215 556 calamitosam
1239 500 1251 555 ἱ
1339 499 1563 556 Horum
1608 499 1954 576 flagitiorum
1984 500 2092 557 iste
2118 519 2242 557 ves-

247 576 409 652 tigiis
449 576 646 634 omnia
687 578 1023 653 municipia,
1052 577 1446 654 praesecturaS,
1478 578 1750 650 colonias,
1779 587 1959 636 totam
1987 579 2240 654 denique

247 653 504 725 Italiam,
535 655 834 732 impressit.
1019 670 1024 675 '

298 733 714 808 .Reliquorum
757 735 1037 793 sactorum
1078 735 1222 811 ejus,
1251 735 1453 793 Patres
1493 736 1842 812 conscripti,
1872 736 2124 794 difficilis
2150 745 2240 795 est
2298 743 2337 796 5

246 810 394 869 sane
437 813 806 889 reprehensio
845 824 902 871 et
940 813 1181 871 lubrica.
1268 815 1549 872 Versatus
1589 815 1647 872 in
1678 815 1829 873 bello
1854 825 1978 873 est:
2020 825 2241 874 satura-

245 891 333 948 vit
373 911 436 949 se
477 892 759 969 sanguine
814 893 1322 951 dissimillimorum
1364 893 1455 951 sui
1497 894 1727 951 civium.
1811 894 1949 952 Fuit
1990 894 2145 966 felix,
2185 894 2239 952 si

244 980 437 1046 potest
477 971 597 1028 ulla
635 991 762 1029 esse
790 971 850 1029 in
879 970 1096 1030 s'celere
1139 972 1402 1029 felicitas.
1488 973 1626 1043 Sed,
1656 973 1925 1048 quoniam
1952 973 2240 1032 veteranis

247 1060 492 1106 cautum
520 1069 646 1108 esse
673 1050 951 1122 volamuS,
981 1069 1308 1127 quanquam
1337 1050 1632 1108 dissimilis
1659 1062 1747 1109 est
1773 1052 2019 1109 militum
2061 1071 2241 1110 causa

246 1138 312 1185 et
338 1138 442 1186 tua
473 1128 586 1206 (illi
614 1128 800 1187 secuti
827 1139 980 1200 sunt,
1007 1140 1071 1187 tu
1096 1129 1373 1206 quaesisti,
1404 1130 1643 1209 ducem)
1668 1149 1683 1200 3
1725 1140 1941 1201 tamen,
1968 1149 2044 1188 ne
2087 1131 2239 1207 apud
2267 1135 2337 1191 lo

247 1207 382 1265 illos
441 1225 535 1266 me
592 1208 652 1266 in
713 1208 988 1266 invidiam
1043 1227 1233 1280 voceS,
1276 1209 1421 1266 nihil
1464 1210 1538 1266 de
1581 1209 1716 1266 belli
1770 1219 1984 1285 genere
2024 1210 2236 1267 dicam.

205 1285 213 1291 ’
245 1287 459 1344 Victor
500 1306 533 1345 e
575 1286 884 1357 Thessalia
941 1286 1315 1345 Brundisium
1378 1306 1512 1345 cum
1565 1287 1891 1364 legionibus
1937 1288 2236 1346 revertisti.

247 1364 348 1422 Ibi
396 1383 489 1423 me
530 1386 644 1424 non
684 1366 988 1424 occidisti:
1044 1385 1318 1442 magnum
1361 1365 1750 1438 beneficium:
1791 1367 2043 1444 potuisse
2082 1366 2241 1425 enim

243 1444 453 1503 fateor.
534 1444 891 1522 Quanquam
945 1463 1116 1504 nemo
1155 1455 1279 1504 erat
1319 1464 1540 1517 eorum,
1581 1445 1680 1521 qui
1720 1455 1844 1503 tum
1884 1456 2078 1503 tecum
2121 1446 2242 1504 fue-

250 1534 409 1596 runt,
451 1523 549 1601 qui
604 1524 746 1581 mihi
787 1544 902 1583 non
943 1535 1209 1583 censeret
1257 1524 1419 1602 parci
1432 1537 1452 1547 ’·
1470 1535 1748 1602 oportere.
1832 1524 2031 1582 Tanta
2082 1524 2240 1583 enim
2268 1526 2339 1581 1³

249 1613 342 1659 est
370 1603 582 1661 caritas
607 1603 826 1679 patriae,
856 1614 919 1661 ut
945 1603 1148 1662 vestris
1188 1605 1364 1661 etiam
1403 1603 1729 1681 legionibus
1767 1612 2005 1662 sanctus
2031 1620 2240 1676 essem,

248 1679 410 1757 quod
451 1700 578 1740 eam
622 1701 658 1740 a
696 1701 789 1741 me
830 1681 1112 1741 sei-vatam
1140 1701 1266 1740 esse
1294 1682 1707 1740 meminissent.
1793 1683 1911 1741 Sed
1940 1683 2052 1755 fac,
2081 1683 2141 1740 id
2181 1692 2242 1741 te

250 1761 484 1823 dedisse
511 1761 674 1833 mihi,
701 1763 853 1838 quod
894 1781 1006 1820 non
1051 1761 1335 1833 ademisti,
1366 1780 1573 1838 meque
1615 1781 1649 1819 a
1688 1772 1747 1820 te
1787 1762 2002 1820 habere
2040 1762 2240 1834 vitam,

249 1840 392 1916 quia
420 1859 454 1897 a
481 1851 537 1898 te
564 1860 678 1899 non
706 1840 781 1898 sit
808 1851 1034 1917 erepta;
1076 1840 1319 1899 licuitne
1362 1841 1505 1898 mihi
1544 1859 1645 1917 per
1686 1850 1818 1898 tuas
1858 1840 2242 1898 contumelias

208 1930 217 1938 ‘
253 1916 367 1977 hoc
409 1919 755 1977 beneficium
796 1920 883 1978 sic
924 1919 1092 1992 tueri,
1125 1930 1188 1977 ut
1226 1920 1452 1992 tuebar,
1480 1920 1795 1997 praesertim
1837 1916 1975 1977 cum
2016 1927 2074 1977 te
2114 1919 2243 1988 haec
2266 1917 2342 1973 2⁰

253 1998 587 2055 auditurum
617 1999 883 2056 videres‘l
1539 2051 1546 2058 .

332 2077 533 2135 XXV.
603 2077 830 2136 Venisti
872 2076 1265 2150 Brundisium,
1295 2077 1357 2135 in
1398 2077 1589 2135 sinum
1617 2076 1848 2152 quidem
1892 2085 1952 2133 et
1991 2076 2052 2133 in
2088 2094 2244 2134 eom-

253 2157 484 2234 plexum
546 2166 660 2214 tuae
721 2156 990 2214 mimulae.
1070 2155 1239 2218 Quid
1286 2158 1418 2215 est'l
1481 2173 1621 2213 num
1681 2153 1971 2212 mentior?
2026 2151 2244 2216 ‘Quam

255 2236 528 2293 miserum
571 2246 660 2293 est
700 2236 760 2293 id
800 2255 1014 2312 negare
1052 2255 1166 2294 non
1192 2254 1381 2313 posse,
1410 2235 1562 2310 'quod
1590 2234 1663 2291 sit
1690 2233 2082 2309 turpissimum
2110 2253 2248 2292 con-v

258 2314 443 2373 fiteril
515 2314 579 2373 Si
620 2325 678 2373 te
719 2315 1162 2391 municipiorum
1203 2334 1318 2373 non
1360 2314 1644 2391 pudebat3
1708 2332 1783 2370 ne
1824 2312 2079 2370 veterani
2120 2312 2246 2388 quin
2268 2309 2346 2364 25

253 2394 388 2451 dem
429 2394 763 2452 exercitiis?
828 2393 987 2456 Quis
1026 2395 1180 2452 enim
1223 2393 1391 2451 miles
1432 2394 1558 2464 fuit,
1602 2393 1700 2468 qui
1748 2391 2042 2449 Brundisii
2084 2391 2245 2449 illam

254 2493 371 2531 non
412 2472 658 2530 viderit?
701 2473 848 2549 quiS,
879 2472 976 2548 qui
1019 2472 1309 2544 nescierit,
1340 2472 1564 2530 venisse
1604 2490 1735 2530 eam
1770 2470 1877 2528 tibi
1893 2480 1988 2530 tot
2014 2471 2240 2529 dierum

254 2552 409 2610 viam
464 2552 855 2629 gratulatum?
923 2552 1070 2627 quie,
1113 2551 1211 2627 qui
1268 2571 1382 2609 non
1439 2551 1765 2623 indoluerit,
1807 2561 1927 2608 tam
1978 2548 2109 2608 sero
2157 2568 2241 2624 se,

252 2650 430 2707 quem
459 2631 749 2690 hominem
778 2641 1012 2688 secutus
1040 2640 1210 2701 esset,
1240 2633 1634 2706 cognoscere?

337 2710 524 2768 Italiae
565 2730 761 2768 rursus
803 2709 1175 2786 percursatio,
1205 2709 1410 2767 eadem
1452 2709 1662 2767 comite
1690 2709 1903 2780 mimz'i3
1948 2708 2009 2767 in
2035 2708 2244 2787 oppida
2269 2717 2348 2772 m

253 2789 505 2847 militum
549 2788 802 2847 crudelis
840 2799 902 2846 et
941 2789 1152 2846 misera
1192 2788 1464 2847 deductio
1480 2809 1494 2859 ;
1545 2788 1604 2846 in
1633 2788 1790 2847 Urbe
1820 2789 1965 2861 auri,
1996 2787 2241 2865 argenti,

254 2866 624 2943 maximeque
666 2868 806 2940 vini,
837 2869 989 2925 foeda
1030 2867 1288 2944 direptio.
1372 2868 1662 2939 Accessit,
1691 2878 1775 2940 ut,
1804 2869 2040 2925 Caesare
2080 2867 2244 2944 igna-

253 2968 340 3019 ro,
388 2945 555 3025 (cum
609 2947 705 3006 ille
753 2958 904 3005 esset
952 2947 1350 3026 Alexandriae)
1396 2946 1680 3005 beneficio
1735 2947 2052 3004 amicorum
2096 2946 2242 3021 ejus,

253 3027 532 3104 magister
573 3026 832 3101 equitum
879 3027 1340 3085 constitueretur.
1424 3025 1584 3083 Tum
1626 3024 1992 3094 existimavit,
2034 3042 2097 3081 se
2139 3042 2246 3081 suo

248 3108 381 3183 jure
438 3123 570 3162 cum
630 3105 845 3182 Hippia
887 3106 1096 3177 vivere,
1139 3116 1198 3162 et
1249 3124 1427 3179 equos
1467 3103 1779 3179 vectigales
1824 3101 2030 3178 Sergio
2068 3101 2246 3159 mimo
2271 3103 2348 3159 35

253 3187 504 3243 tradere.
588 3183 748 3241 Tum
790 3184 899 3241 sibi
942 3205 1055 3242 non
1100 3185 1270 3255 hanc,
1300 3200 1472 3259 quam
1518 3201 1674 3259 nunc
1720 3179 1870 3238 male
1900 3190 2112 3251 tuetur,
2142 3180 2245 3236 sed

256 3264 341 3323 M.
373 3264 602 3322 Pisonis
642 3264 893 3335 domum,
925 3264 1024 3320 ubi
1066 3264 1372 3333 habitaret,
1400 3262 1635 3339 legerat.
1718 3260 1887 3323 Quid
1929 3278 2038 3337 ego
2080 3258 2245 3316 istius

254 3345 515 3415 decreta,
557 3343 694 3418 quid
737 3342 985 3418 rapinas,
1015 3342 1152 3417 quid
1195 3342 1594 3399 haereditatum
1635 3340 2019 3417 possessiones
2060 3338 2246 3408 dataS,

255 3425 394 3499 quid
440 3434 687 3499 ereptas,
715 3421 1044 3498 proferam?
1104 3421 1368 3498 Cogebat
1409 3430 1673 3498 egestas:
1717 3418 1831 3494 quo
1874 3439 1937 3476 se
1978 3425 2246 3487 verteret,

254 3523 370 3560 non
429 3502 697 3560 habebat.
782 3499 1058 3559 Nondum
1103 3501 1158 3558 ei
1205 3510 1367 3557 tanta
1412 3519 1446 3557 a
1500 3500 1566 3556 L.
1614 3498 1861 3569 Rubrio,
1916 3516 2033 3554 non
2088 3514 2123 3552 a
2175 3493 2242 3552 L.
2273 3489 2348 3548 40

255 3581 550 3652 Turselio,
602 3580 907 3641 haereditas
953 3590 1222 3638 venerat:
1285 3580 1542 3637 nondum
1599 3577 1657 3634 in
1717 3577 1827 3634 Cn.
1872 3573 2129 3651 Pompeii
2169 3573 2247 3632 lo-

254 3681 411 3732 cum,
456 3661 881 3733 multorumque
925 3659 1184 3729 aliorum,
1228 3657 1326 3733 qui
1377 3658 1635 3727 aberant,
1677 3654 2010 3730 repentinus
2064 3654 2248 3711 haeres

254 3749 637 3798 successerat.
721 3738 865 3795 Erat
918 3737 973 3795 ei
1029 3737 1333 3794 vivendum
1390 3737 1674 3793 latronum
1722 3733 1857 3806 ritu,
1906 3742 1971 3791 ut
2022 3742 2248 3792 tantum

258 3820 517 3897 haberet,
547 3827 827 3895 quantum
856 3836 1057 3895 rapere
1084 3817 1377 3894 potuisset.
