2667 4242
378 276 464 340 ω
950 277 1225 328 ORATIO
1269 277 1410 328 PRO
1454 278 1531 328 M.
1575 277 1993 329 MARCELLO.

476 439 577 480 um
602 419 813 499 vagina
848 440 1098 480 vacuum
1146 422 1207 480 in
1249 420 1408 480 Urbe
1451 441 1566 480 non
1609 420 1875 479 vidimus.
1954 421 2129 483 Quos
2159 419 2469 479 amisimus

477 500 654 571 cives,
678 520 781 558 sos
810 499 1015 558 Martis
1043 500 1128 557 vis
1174 500 1442 578 perculit,
1471 520 1588 559 non
1631 501 1717 558 ira
1744 500 1998 558 victoriae
2023 521 2038 570 ;
2085 511 2149 558 ut
2190 500 2466 558 dubitare

478 579 687 637 debeat
714 598 903 650 nemo,
925 578 1063 654 quin
1093 580 1321 650 multos,
1344 579 1392 636 si
1422 579 1545 637 fieri
1571 590 1782 655 posset,
1813 579 1881 636 C.
1912 578 2111 637 Caesar
2153 579 2228 636 ab
2259 579 2465 636 inferis

477 658 781 728 excitaret3
822 658 1092 733 quoniam
1146 677 1221 715 ex
1271 658 1476 715 eadem
1533 658 1658 716 acie
1700 668 2018 731 conservat,
2063 677 2208 733 quos
2253 668 2462 733 potest.

413 740 449 794 5
479 736 736 793 Alterius
781 736 917 794 vero
963 736 1161 812 partis,
1205 736 1350 794 nihil
1403 737 1647 812 amplius
1689 737 1904 807 dicam,
1952 735 2124 811 quam
2159 734 2271 825 (id,
2300 737 2462 812 quod

352 846 445 895 s
476 833 678 871 omnes
704 814 1066 892 verebamur)
1099 815 1270 872 nimis
1299 816 1637 872 iracundam
1668 815 1913 874 suturam
1938 815 2113 873 fuisse
2135 815 2460 873 victoriam.

292 892 349 925 ‘¹‘
476 892 736 954 Quidam
764 892 940 963 enirn,
971 912 1085 950 non
1130 892 1302 962 modo
1349 894 1601 965 armatis,
1651 896 1751 951 sed
1803 894 2089 951 interdum
2137 893 2321 950 etiam
2350 893 2463 955 oti-

475 970 611 1040 osis,
640 970 1005 1028 minabantur
1030 991 1044 1028 :
1087 990 1218 1042 nec,
1245 973 1386 1047 quid
1406 972 1646 1048 quisque
1667 972 1958 1043 sensisset,
1982 972 2084 1029 sed
2103 971 2206 1030 'ubi
2231 972 2460 1042 fuisset,

479 1049 848 1125 cogitandum
892 1068 1019 1107 esse
1061 1050 1371 1120 dicebant3
1415 1060 1479 1108 ut
1526 1050 1668 1108 mihi
1711 1051 1943 1127 quidem
1999 1050 2309 1108 videantur
2353 1050 2460 1108 Dii

382 1128 449 1182 10
480 1126 1188 1207 111-11ῃο1111103μίο1ξ111111μί
1234 1148 1435 1203 poenas
1464 1147 1498 1186 a
1543 1130 1754 1205 populo
1796 1130 2067 1188 Romano
2091 1129 2170 1186 ob
2220 1128 2458 1204 aliquod

477 1202 753 1263 delictum
780 1207 1195 1282 expetiverunt,
1224 1207 1321 1281 qui
1366 1207 1536 1264 civile
1584 1208 1794 1267 bellum
1843 1219 2066 1265 tantum
2094 1219 2155 1265 et
2182 1221 2303 1264 tam
2332 1208 2459 1267 luo-

478 1294 705 1342 tuosurn
732 1284 1137 1364 excitaverint)
1195 1285 1282 1342 vel
1328 1286 1542 1361 placati
1565 1285 1707 1362 jam,
1752 1286 1839 1343 vel
1884 1286 2074 1344 satiati
2118 1286 2456 1360 aliquando,

476 1382 706 1420 ornnem
745 1382 904 1438 spem
948 1364 1148 1422 salutis
1201 1365 1274 1422 ad
1322 1365 1689 1422 clementiam
1739 1365 1974 1423 victoris
2015 1374 2075 1422 et
2103 1365 2454 1442 sapientiam

478 1442 807 1499 contulisse.
914 1500 921 1507 ,

381 1523 450 1577 15
554 1519 758 1580 Quare
785 1522 972 1596 gaude
1001 1533 1101 1579 tuo
1129 1520 1237 1579 isto
1262 1534 1378 1580 tam
1406 1521 1715 1580 excellenti
1741 1522 1892 1583 bono
1915 1542 1929 1591 3
1971 1533 2032 1579 et
2071 1521 2283 1595 fruere,
2314 1519 2454 1578 cum

480 1597 705 1654 fortuna
727 1612 785 1655 et
809 1598 1011 1674 gloria,
1040 1610 1161 1656 tum
1189 1601 1365 1657 etiam
1393 1601 1598 1658 natura
1641 1611 1701 1658 et
1742 1601 1993 1658 moribus
2018 1600 2133 1657 tuis
2156 1620 2171 1671 ;
2215 1620 2290 1670 011
2332 1619 2450 1675 (1110

478 1675 708 1749 quidem
737 1678 1019 1734 maximus
1040 1689 1127 1734 est
1155 1679 1377 1736 fructus
1398 1679 1845 1755 jucunditasque
1873 1679 2133 1754 sapienti.
2220 1680 2455 1737 Caetera

480 1752 613 1810 cum
642 1764 743 1810 tua
770 1757 1164 1827 recordabere‚
1193 1758 1298 1813 etsi
1342 1777 1594 1833 persaepe
1636 1758 1850 1828 virtuti,
1878 1768 2070 1815 tamen
2111 1757 2454 1834 plerumque

482 1832 760 1904 felicitati,
789 1842 902 1890 tuae
949 1835 1442 1910 congratulabere.
1527 1836 1617 1894 De
1665 1837 1850 1908 nobis,
1878 1855 2019 1912 quos
2063 1835 2121 1892 in
2150 1836 2455 1912 republica

378 1921 452 1974 20
481 1922 672 1968 tecum
700 1911 867 1968 simul
910 1913 1094 1969 salvos
1120 1933 1248 1970 esse
1290 1915 1538 1985 voluisti,
1568 1916 1791 1991 quoties
1831 1914 2131 1990 cogitabis,
2161 1916 2336 1972 toties
2376 1916 2451 1972 de

478 1988 742 2045 maximis
760 1990 1207 2062 tuisbeneficiis,
1225 1993 1395 2050 toties
1422 1994 1493 2050 de
1523 1994 1857 2051 incredibili·
1889 1993 2251 2064 liberalitate,
2283 1994 2456 2051 toties

479 2067 551 2124 de
579 2068 854 2145 singulari
883 2070 1165 2145 sapientia
1191 2072 1312 2141 tua,
1337 2072 1652 2148 cogitabis:
1694 2092 1822 2148 quae
1849 2091 1965 2129 non
2014 2071 2452 2130 modo-summa

480 2147 648 2217 bona,
703 2149 803 2204 sed
858 2149 1129 2206 nimirum
1184 2151 1410 2207 audebo
1453 2150 1540 2207 vel
1595 2151 1717 2208 sola
1763 2151 1977 2208 dicere.
2076 2150 2326 2208 Tantus*
2364 2162 2455 2208 est

478 2227 631 2282 enim
662 2227 927 2301 splendor
956 2227 1014 2284 in
1044 2228 1215 2285 laude
1245 2228 1398 2299 verti,
1426 2239 1585 2286 tanta
1629 2229 1688 2286 in
1736 2229 2134 2306 magnitudine
2173 2229 2354 2287 animi
2393 2241 2456 2287 et

378 2312 451 2367 25
480 2305 702 2361 consilii
733 2306 1003 2381 dignitas,
1035 2318 1096 2363 ut
1134 2308 1260 2364 haec
1291 2326 1326 2363 a
1353 2308 1558 2364 virtute
1601 2308 1832 2381 donata,
1883 2318 2092 2367 caetera
2138 2327 2173 2365 a
2219 2308 2456 2366 fortuna

480 2384 841 2441 commodata
868 2403 994 2441 esse
1023 2386 1342 2443 videantur.
1425 2385 1563 2444 Noli
1606 2387 1778 2463 igitur
1807 2387 1865 2444 in
1897 2387 2313 2447 conservandis
2353 2387 2454 2444 bo-

478 2460 569 2515 nis
610 2461 744 2516 viris
787 2454 1105 2537 defatigari,
1156 2484 1270 2521 non
1316 2466 1630 2539 cupiditate
1672 2465 1982 2541 praesertim
2023 2466 2122 2522 'aut
2169 2467 2456 2542 pravitate

481 2538 670 2612 aliqua
711 2538 905 2613 lapsis,
934 2540 1035 2596 sed
1079 2542 1350 2616 opinione
1388 2543 1595 2607 'officii‚
1626 2544 1800 2601 stulta
1841 2544 2098 2614 sortasse,
2128 2543 2290 2602 certe
2334 2564 2454 2605 non

481 2614 757 2690 improba,
788 2627 843 2674 et
872 2619 1064 2693 specie
1090 2621 1340 2693 quadam
1384 2622 1731 2697 reipublicae.
1817 2621 1953 2680 Non
1994 2623 2148 2679 enim
2190 2634 2296 2680 tua
2335 2624 2458 2691 ulla

380 2707 452 2760 30
482 2694 652 2767 culpa
693 2702 822 2763 est?
843 2696 891 2751 si
939 2706 996 2753 te
1042 2698 1215 2773 aliqui
1252 2700 1620 2758 timuerunt:
1664 2700 1997 2777 contraque,
2036 2720 2264 2759 summa
2301 2700 2454 2774 laus,

480 2770 633 2846 quod
662 2773 916 2848 plerique
945 2775 1182 2833 minime
1212 2778 1532 2836 timendum
1565 2780 1737 2838 fuisse
1765 2790 2085 2838 senserunt.

521 2929 532 2939 η
562 2849 701 2939 VJI.
746 2851 804 2907 N
810 2872 925 2909 unc
970 2854 1106 2912 vero
1153 2856 1321 2914 venio
1350 2858 1421 2913 ad
1449 2859 1845 2933 gravissimam
1873 2860 2183 2934 querelam,
2214 2868 2276 2916 et
2305 2869 2459 2916 atro-

480 2947 769 2985 clssimam
800 2931 1185 3007 suspicionem
1217 2944 1409 3004 tuam;
1435 2956 1577 3011 -quae
1605 2957 1719 2994 non
1738 2936 1843 2995 tibi
1873 2938 1979 3013 ipsi
2019 2937 2225 3013 magiS,
2253 2938 2455 3013 quam,

480 3005 615 3063 cum
638 3009 905 3067 omnibus
935 3011 1178 3082 civibuS,
1207 3023 1327 3070 tum
1359 3014 1609 3072 maxime
1636 3016 1819 3087 nobis,
1842 3017 1939 3093 qui
1972 3036 2005 3073 a
2032 3027 2088 3073 te
2123 3017 2457 3074 conservati

379 3100 448 3150 ..5
480 3105 696 3158 sumuS,
725 3089 1078 3162 providenda
1115 3101 1235 3148 est:
1278 3112 1449 3167 quam
1503 3094 1612 3151 etsi
1666 3114 1831 3170 spero
1874 3114 2000 3153 esse
2050 3095 2271 3164 falsam,
2304 3115 2458 3155 nun-

478 3185 648 3240 quam
703 3177 897 3225 tamen
948 3169 1136 3226 verbis
1180 3172 1524 3230 extenuabo.
1625 3173 1761 3231 Tua
1813 3175 1967 3232 enim
2017 3173 2212 3231 cautio
2254 3185 2462 3233 nostra

479 3244 670 3302 cautio
694 3256 816 3313 est;
863 3256 945 3316 ut,
976 3247 1025 3304 si
1071 3248 1129 3304 in
1181 3249 1450 3307 alterutro
1494 3252 1857 3325 peccandum
1906 3253 1997 3322 sit,
2027 3251 2223 3309 malim
2267 3252 2456 3327 videri

477 3321 649 3379 nimis
676 3323 930 3394 timidus,
961 3324 1131 3399 quam
1162 3345 1361 3401 parum
1410 3330 1682 3404 prudens.
1767 3331 1885 3388 Sed
1927 3331 2190 3406 quisnam
2222 3342 2314 3397 est
2333 3332 2502 3395 Βία

476 3409 592 3456 tam
621 3400 900 3459 demens'l
943 3403 1017 3461 de
1045 3404 1277 3462 tuisne?
1318 3407 1547 3465 tametsi
1593 3409 1690 3482 qui
1735 3409 1917 3484 magis
1964 3421 2099 3465 sunt
2139 3408 2246 3480 tui,
2273 3408 2476 3497 φήῃ·

378 3477 448 3531 40
476 3478 684 3553 quibus
710 3490 773 3537 tu
801 3480 1044 3538 salutem
1087 3481 1512 3557 insperantibus
1552 3487 1892 3545 reddidisti?
1936 3506 2007 3544 an
2049 3506 2120 3544 ex
2149 3488 2288 3544 eo'n
2461 3552 2476 3565 ⁶

476 3576 558 3625 r0‚
587 3557 689 3630 qui
732 3560 849 3615 una
897 3572 1088 3617 tecum
1137 3560 1411 3621 filerunt?
1494 3564 1629 3623 Non
1681 3575 1768 3623 est
1809 3566 2101 3623 credibilis
2149 3504 2502 3649 tantu‘s‘sz,

477 3633 592 3690 11110
640 3634 810 3708 furor,
840 3649 922 3707 ut,
969 3657 1083 3713 quo
1126 3639 1275 3696 duce
1317 3643 1514 3699 omnia
1556 3663 1782 3702 summa
1825 3644 1900 3701 sit
1954 3646 2215 3719 adeptuS,
2274 3645 2470 3727 hujffi

474 3711 651 3766 vitam
680 3731 793 3769 non
826 3727 1137 3789 anteponat
1164 3736 1300 3772 suae.
1387 3717 1544 3809 [At,]
1578 3722 1723 3778 situi
1747 3723 1890 3780 nihil
1915 3723 2171 3797 cogitant
2189 3723 2350 3783 scele
2387 3726 2404 3799 ζ
2469 3692 2530 3801 {a

478 3788 801 3847 cavendum
845 3803 953 3862 est,
1008 3812 1082 3850 ne
1135 3794 1273 3868 quid
1324 3795 1562 3855 inimici.
1645 3799 1811 3860 Qui?
1852 3819 2055 3858 omnes
2108 3801 2291 3874 enim,
2351 3804 2418 3883 q·
2483 3812 2564 3891 ’ἓ

2361 3934 2370 3943 ⁴·

404 4140 663 4208 A
