2667 4242
614 313 888 363 οιιΑιἾο
931 312 1070 377 rao
1112 312 1176 363 T.
1220 312 1449 362 ANNIO
1493 312 1792 363 MILONE.
2176 310 2284 374 lm

206 458 406 536 populi
433 457 688 515 Romani
715 457 931 532 quanta
973 456 1184 514 fuerint
1230 457 1462 534 gaudia,
1487 456 1767 532 judicare.
1853 455 2070 513 Multas
2109 465 2194 512 ta-

207 557 351 594 men
386 537 506 612 jam
547 555 896 593 summorum
940 537 1341 610 imperatorum
1385 536 1732 593 clarissimas
1761 535 2027 593 victorias
2055 547 2193 591 aetas

210 627 413 673 nostra
477 615 637 686 vidit,
695 633 937 689 quarum
994 613 1153 671 nulla
1208 633 1394 690 neque
1450 625 1567 672 tarn
1624 613 1955 671 diuturnam
1999 614 2187 670 attulit

208 695 496 764 laetitiam,
525 713 637 750 nec
664 703 902 750 tantam.
1008 705 1018 713 ·

299 772 579 831 Mandate
607 774 718 829 hoc
746 772 1054 840 memoriae,
1078 770 1320 847 judices.
1407 772 1587 847 Spero
1626 770 1807 828 multa
1832 790 1930 828 vos
1962 770 2194 826 liberos-
2253 776 2290 828 5

212 871 333 927 que
361 861 575 908 vestros
603 851 661 908 in
703 850 997 926 republica
1038 850 1188 908 bona
1227 869 1355 908 esse
1394 851 1627 907 visuros.
1711 849 1783 907 In
1825 849 1913 906 his
1952 844 2195 924 singulis

214 930 305 988 ita
343 948 563 1005 semper
626 929 1046 1000 existimabitiS,
1089 929 1217 985 vivo
1258 928 1321 986 P.
1367 928 1590 999 Clodio,
1653 928 1797 986 nihil
1854 946 2052 985 eorum
2098 947 2193 984 vos

213 1009 442 1066 visuros
486 1008 689 1065 ruisse,
759 1007 830 1065 In
857 1026 1016 1083 spem
1057 1007 1386 1078 maximam,
1414 1017 1472 1064 et
1514 1005 2019 1097 (quemadmodum
2062 1025 2196 1063 con·

214 1087 364 1176 fido)
423 1086 797 1176 verissimam,
842 1086 1077 1143 adducti
1118 1104 1335 1157 sumus,
1371 1053 1535 1142 ’hunc
1581 1087 1764 1161 ipsum
1807 1103 2041 1156 annum,
2085 1086 2194 1141 hoc

155 1167 166 1177 ⁶
214 1165 347 1243 ipso
401 1184 624 1222 summo
687 1164 808 1222 viro
873 1164 1128 1234 consule,
1198 1164 1521 1241 compressa
1588 1164 1883 1221 hominum
1936 1163 2193 1234 licentia,
2225 1162 2293 1218 m

216 1243 635 1334 cupiditatibus
661 1243 877 1314 fractiS,
906 1243 1130 1320 legibus
1157 1253 1215 1300 et
1235 1243 1474 1319 judiciis
1506 1243 1847 1312 constitum,
1889 1243 2214 1303 salutarem

217 1322 445 1381 civitati
487 1323 621 1380 fore.
721 1322 782 1379 N
786 1341 883 1379 um
922 1321 1050 1398 quis
1105 1321 1278 1398 igitur
1331 1331 1420 1380 est
1473 1332 1590 1379 tam
1632 1322 1887 1391 demens,
1927 1320 2025 1396 qui
2067 1321 2196 1391 hoc,

217 1402 289 1460 P.
334 1401 540 1458 Clodio
577 1401 730 1473 vivo,
763 1402 1098 1478 contingere
1137 1402 1387 1476 potuisse
1430 1401 1776 1458 arbitretur?
1831 1400 1998 1461 Quid
2020 1402 2043 1455 ἵ
2105 1418 2195 1470 ea,

219 1498 354 1556 quae
383 1479 609 1551 tenetiS‚
636 1480 858 1556 privata
886 1491 1056 1556 atque
1082 1489 1288 1551 vestra,
1323 1480 1655 1538 dominante
1697 1479 1925 1536 homine
1968 1478 2195 1549 furioso,

220 1559 377 1635 quod
400 1560 494 1634 jus
518 1570 804 1635 perpetua-:¹
831 1558 1203 1635 possessionis
1228 1560 1440 1618 habere
1465 1558 1781 1635 potuissent
1799 1558 1830 1625 'l
2226 1554 2294 1607 15

307 1637 543 1694 XXIX.
627 1637 762 1695 Non
831 1638 1026 1709 timec,
1089 1637 1336 1714 judiceS,
1405 1657 1499 1708 ne,
1565 1637 1699 1695 odio
1763 1635 2197 1695 inimicitiarum

219 1734 487 1774 mearum
515 1715 921 1789 inflammatus,
950 1716 1224 1789 libentius
1251 1718 1377 1775 haec
1407 1717 1466 1775 in
1495 1717 1654 1774 illum
1684 1734 1944 1773 evomere
1980 1715 2196 1786 videar,
2274 1736 2282 1745 ·

220 1793 400 1871 quam
430 1793 635 1852 verius.
718 1795 972 1866 Etenim,
1001 1796 1108 1854 etsi
1135 1796 1485 1872 praecipuum
1529 1814 1656 1853 esse
1683 1795 1961 1864 debebat3
2003 1805 2197 1851 tamen

220 1874 308 1931 ita
349 1874 671 1931 communis
709 1885 833 1933 erat
871 1874 1131 1932 omnium
1171 1872 1265 1933 ille
1307 1875 1503 1945 hostis,
1532 1885 1595 1931 ut
1635 1873 1693 1931 in
1738 1872 2028 1931 communi
2067 1872 2200 1929 odio

219 1951 375 2030 pene
424 1952 716 2026 aequaliter
756 1963 1076 2011 versaretur
1126 1954 1322 2012 odium
1378 1971 1587 2010 meum.
1671 1952 1804 2010 Non
1858 1961 2042 2027 potest
2081 1951 2198 2008 dici
2225 1957 2296 2012 20

222 2030 386 2101 satiS‚
416 2051 490 2089 ne
517 2031 757 2107 cogitari
785 2032 1038 2106 quidem,
1066 2043 1343 2107 quantum
1385 2032 1444 2089 in
1486 2032 1584 2089 illo
1622 2030 1875 2100 sceleriS,
1923 2040 2199 2104 quantum

222 2110 407 2180 exitii,
437 2109 623 2167 suerit.
703 2110 872 2177 Quin
899 2110 984 2169 sic
1029 2112 1325 2182 attendite,
1369 2111 1612 2185 judices.
1695 2108 1921 2183 Nempe
1949 2109 2074 2164 haec
2114 2116 2202 2163 est

221 2188 465 2264 quoestio
490 2189 563 2245 de
591 2188 825 2246 interitu
851 2188 915 2247 P.
946 2190 1199 2248 Clodii.-
1242 2188 1475 2265 Fingite
1524 2187 1767 2245 animis:
1809 2186 2003 2242 liberae
2043 2186 2200 2242 enim

224 2277 359 2325 sunt
386 2267 763 2344 cogitationes
789 2278 1014 2340 nostrae,
1043 2279 1120 2340 et,
1150 2288 1275 2343 quae
1317 2268 1532 2338 volunt,
1561 2267 1647 2323 sic
1687 2266 1998 2335 intuentur,
2028 2275 2091 2321 ut
2130 2282 2201 2321 ea

223 2346 538 2416 cernimus,
580 2365 707 2420 quae
748 2347 1023 2405 videmus.
1106 2315 1342 2437 Fingite
1398 2346 1569 2436 igitur
1612 2343 1958 2421 cogitatione
2001 2343 2199 2420 imagi·
2226 2347 2300 2402 25

222 2444 361 2484 nem
389 2425 561 2501 hujus
603 2425 948 2484 conditionis
994 2445 1157 2498 meae,
1199 2426 1244 2483 si
1288 2420 1498 2501 possim
1539 2424 1787 2494 efficere,
1817 2434 1880 2480 ut
1921 2421 2199 2480 Milonem

226 2503 553 2574 absolvatis,
594 2504 697 2561 sed
757 2504 858 2575 ita,
913 2504 963 2561 si
1003 2506 1067 2563 P.
1124 2505 1365 2563 Clodius
1429 2502 1711 2561 revixerit.
1808 2502 1975 2564 Quid
2041 2501 2200 2558 vultu

223 2582 614 2640 extimuistis?
656 2601 903 2657 quonam
932 2584 1100 2641 modo
1126 2584 1221 2641 ille
1249 2603 1347 2641 vos
1374 2583 1534 2639 vivus
1576 2582 1846 2652 afficeret,
1877 2600 2018 2655 quos
2057 2600 2201 2638 mor-

222 2670 361 2718 tuus
388 2661 549 2718 inani
590 2661 935 2738 cogitatione
974 2662 1294 2738 percussit?
1375 2661 1584 2722 Quid?
1627 2661 1675 2718 si
1724 2661 1842 2737 ipse
1885 2661 1994 2718 Cn.
2038 2659 2202 2718 Pom-

221 2740 409 2815 peiuS,
439 2738 538 2813 qui
579 2740 650 2798 ea
689 2740 896 2798 virtute
939 2759 1009 2798 ac
1052 2741 1275 2799 fortuna
1315 2751 1421 2812 est,
1464 2750 1526 2796 ut
1566 2758 1637 2797 ea
1674 2738 1919 2830 potuerit
1959 2757 2199 2815 semper,
2228 2740 2302 2794 30

223 2837 352 2893 quae
393 2836 566 2876 nemo
603 2830 804 2894 praeter
850 2820 1042 2889 illum3
1085 2820 1131 2877 si
1176 2819 1243 2890 ie,
1287 2819 1540 2910 inquam,
1580 2800 1872 2896 potuisset,
1922 2827 1985 2874 ut
2023 2837 2203 2892 quaes-

225 2898 445 2955 tionem
474 2897 546 2954 de
575 2906 753 2956 morte
793 2897 857 2955 P.
889 2898 1082 2956 Clodii
1136 2898 1304 2968 ferre,
1347 2899 1433 2955 sic
1475 2897 1656 2974 ipsum
1700 2898 1771 2954 ab
1815 2896 2011 2955 inferis
2051 2895 2203 2953 exci-

223 2985 381 3044 tare3
429 2985 617 3032 utrum
646 2977 859 3052 putatis
884 2975 1076 3053 potius
1091 2977 1376 3035 facturum
1405 2977 1620 3034 fuisse?
1681 2976 1873 3032 Etiam
1892 2976 1940 3030 si
1947 2985 2203 3050 ,propter

226 3053 567 3124 amicitiam,
597 3055 864 3113 voluisset
906 3056 1066 3112 illum
1109 3057 1181 3113 ab
1221 3055 1419 3113 inferis
1460 3073 1750 3124 revocare,
1793 3063 2015 3128 propter
2057 3070 2201 3108 rem-

222 3132 522 3208 publicam
574 3152 688 3190 non
731 3133 977 3191 fecisset.
1087 3134 1228 3210 Ejus
1269 3134 1445 3211 igitur
1483 3132 1680 3190 mortis
1720 3130 1932 3187 sedetis
1972 3129 2201 3200 ultoreS,
2231 3127 2378 3194 35

224 3211 394 3287 cujus
440 3210 615 3267 vitam
660 3210 710 3268 si
750 3213 960 3303 putetis
998 3233 1098 3289 per
1139 3232 1236 3270 vos
1276 3212 1499 3270 restitui
1540 3229 1722 3286 posse,
1764 3209 1990 3267 nolitis.
2033 3218 2091 3265 et
2131 3209 2205 3264 de

224 3289 355 3367 ejus
388 3308 541 3347 nece
580 3289 697 3348 lata
751 3292 988 3365 quaestio
1028 3301 1132 3363 est,
1189 3291 1285 3367 qui
1328 3291 1377 3348 si
1438 3290 1643 3348 eadem
1696 3289 1824 3367 lege
1863 3286 2206 3345 reviviscere

222 3378 439 3445 W,
462 3366 585 3427 lata
600 3370 700 3426 lex
740 3389 1034 3461 nunquam
1074 3381 1240 3428 esset.
1325 3369 1517 3445 Hujus
1558 3387 1696 3444 ergo
1735 3368 2065 3426 interfector
2107 3362 2232 3439 qui·

222 3450 403 3521 w,
430 3444 493 3505 in
521 3447 845 3506 confitendo
887 3450 1000 3506 ab'
988 3449 1134 3506 iisne
1176 3467 1405 3526 poenam
1446 3448 1694 3519 timeret,
1737 3467 1877 3521 quos
1916 3443 2208 3502 liberavis-

222 3524 357 3587 aaa
414 3522 614 3585 'Graeci
658 3527 915 3585 homines
956 3528 1209 3585 Deorum
1240 3528 1482 3583 honores
1521 3525 1780 3582 tribuunt
1821 3526 1892 3582 iis
1932 3523 2066 3580 viris
2108 3522 2206 3613 qui
2235 3531 2352 3584 40⁷

220 3613 501 3679 tyrannos
528 3616 892 3663 necaverunt.
973 3605 1127 3668 Quae
1176 3625 1284 3682 ego
1316 3605 1429 3662 vidi
1475 3604 1752 3661 Athenis!
1798 3623 1923 3678 quae
1973 3602 2099 3659 aliis
2148 3602 2206 3659 in

222 3680 467 3741 urbibus
507 3682 781 3740 Graeciael
838 3705 981 3760 quas
1020 3704 1112 3742 res
1164 3685 1387 3741 divinas
1440 3683 1651 3739 talibus
1706 3683 1993 3740 institutas
2033 3681 2204 3739 viris!

218 3776 371 3851 qma
394 3763 638 3819 cantus!
683 3782 808 3837 quae
837 3764 1128 3821 carmina!
1184 3781 1357 3838 prope
1395 3763 1463 3819 ad
1513 3761 1953 3818 immortalitatis
1993 3771 2050 3819 et
2078 3760 2207 3818 reli-

222 3838 462 3917 §mmm
479 3849 537 3897 et
553 3842 885 3899 memoriam
915 3855 1342 3900 consecrantur.
1363 3814 1383 3917 Ι
1428 3841 1547 3897 Vos
1576 3840 1719 3896 tanti
1748 3851 2204 3899 conservatorem

714 3922 782 4062 ¹3
1336 3920 1387 4055 s
