2667 4242
16 3974 35 4009 θ’

358 249 444 317 βο
539 306 553 321 ·
905 248 1180 299 ORATIO
1225 249 1366 299 PRO
1409 249 1604 300 LEGE
1648 250 1980 301 MAmmA.

463 390 750 462 suluistis;
792 389 952 450 recte
982 391 1077 450 isti
1104 392 1296 450 studia
1320 402 1510 451 vestra
1548 394 1670 452 suis
1708 395 1964 453 consiliis
1997 415 2207 473 regere
2237 416 2486 457 conan-

464 480 573 529 tur.
652 472 762 529 Sin
794 483 985 529 autem
1023 492 1119 530 vos
1161 472 1288 548 plus
1319 484 1442 529 tum
1471 473 1530 531 in
1558 493 1621 531 re
1647 475 1881 550 publica
1910 475 2163 546 vidistis3
2209 495 2338 547 vos,
2379 477 2482 534 his

462 551 935 628 repugnantibus»,
982 570 1082 627 per
1125 562 1344 611 vosmet
1398 553 1548 628 ipsos
1593 554 1934 630 dignitatem
1987 554 2129 612 huic
2183 555 2474 645 imperio,

458 630 706 686 salutem
747 630 872 687 orbi
915 641 1216 700 terrarum,
1248 631 1548 702 attulistis3
1574 632 1899 722 aliquando
1926 632 2019 690 isti
2049 634 2377 710 principeS,
2407 644 2477 693 et

391 719 429 772 5
463 709 570 766 sibi
601 707 659 766 et
687 709 931 779 caeteris,
958 709 1149 787 populi
1192 709 1448 768 Romani
1489 711 1740 768 universi
1770 712 2097 807 auctoritati
2122 714 2472 809 parendum

462 806 587 845 esse
618 788 920 846 fateantur.

541 867 754 956 Atque,
784 867 844 924 in
872 866 983 925 hoc
1011 867 1162 926 bello
1200 866 1467 935 Asiatico
1505 876 1564 925 et
1602 868 1790 944 regio,-
1808 888 1938 928 non-
1964 867 2150 928 solum
2178 870 2470 941 militaris

461 945 562 1003 illa
590 946 786 1017 virtus,
813 965 941 1021 quae
978 956 1066 1003 est
1103 947 1163 1004 in
1200 946 1310 1003 Cn.
1342 945 1614 1022 Pompeio
1649 948 1975 1038 singularia,
2003 949 2128 1006 sed
2152 948 2284 1006 aliae
2313 970 2468 1025 quo-

304 1052 433 1115 f
461 1044 573 1099 que
618 1025 854 1083 virtutes
900 1025 1079 1083 animi
1116 1026 1309 1082 multae
1352 1035 1412 1083 et
1452 1044 1676 1116 magnae
1717 1027 2126 1117 requiruntur.
2184 1027 2466 1095 Difficile

288 1114 299 1125 ‘
361 1111 430 1167 10
462 1115 549 1160 est
591 1104 648 1161 in
691 1105 856 1176 Asia,
895 1104 1131 1176 Cilicia,
1173 1104 1362 1180 Syria,
1402 1105 1711 1181 regnisque
1746 1106 2080 1164 interiorum
2119 1109 2463 1178 nationum,

463 1182 545 1240 ita
590 1184 801 1241 versari
855 1196 1106 1241 vestrum
1160 1184 1580 1273 imperatorem,
1611 1194 1693 1240 .ut
1735 1184 1876 1241 nihil
1925 1185 2100 1257 aliud,
2148 1204 2327 1260 quam
2383 1187 2465 1243 de

460 1260 622 1320 hoste
654 1281 723 1320 ac
750 1264 823 1321 de
849 1263 1023 1320 laude
1050 1263 1279 1339 cogitet.
1365 1262 1615 1334 Deinde,
1653 1263 1828 1320 etiam
1865 1264 2014 1339 siqui
2053 1276 2188 1322 sunt
2227 1265 2464 1340 pudore

463 1360 534 1399 ac
570 1341 948 1417 temperantia
984 1341 1428 1411 moderatiores3
1470 1352 1664 1399 tamen
1708 1361 1807 1399 eos
1852 1363 1978 1401 esse
2017 1341 2181 1414 talea,
2216 1354 2469 1420 propter

463 1420 890 1478 multitudinem
933 1421 1269 1496 cupidorum
1313 1421 1631 1492 hominum,
1660 1440 1831 1479 nemo
1874 1421 2195 1481 arbitratur.
2281 1421 2463 1479 Diffi-

361 1498 429 1553 15
464 1499 575 1556 cile
619 1511 706 1556 est
744 1500 925 1569 dictu,
953 1498 1238 1569 Quirites,
1266 1509 1486 1574 quanto
1528 1499 1585 1556 in
1631 1501 1764 1557 odio
1805 1500 1984 1558 simus
2032 1501 2182 1576 apud
2216 1512 2461 1558 exteras

462 1578 744 1639 nationes.
791 1588 1017 1667 propter
1063 1596 1281 1649 eorum,
1329 1597 1473 1653 quos
1520 1579 1592 1636 ad
1640 1598 1740 1636 eos
1783 1598 1883 1655 per
1931 1579 2034 1636 hos
2081 1598 2263 1637 annos
2309 1598 2458 1636 cum
2523 1646 2534 1655 ‘

464 1656 703 1731 imperio
742 1657 1022 1727 misimus,
1065 1656 1303 1746 injurias
1346 1675 1417 1714 ac
1456 1658 1744 1721 libidines.
1825 1657 2005 1718 Quod
2045 1658 2200 1715 enim
2246 1658 2458 1714 fanum

463 1734 676 1811 putatis
719 1734 779 1792 in
824 1735 936 1792 illis
977 1736 1144 1793 terris
1183 1736 1391 1794 nostris
1427 1736 1856 1813 magistratibus
1893 1736 2243 1827 religiosum,
2272 1755 2460 1812 quam

465 1814 758 1871 civitatem
812 1824 1094 1885 sanctam,
1140 1833 1312 1889 quam
1362 1815 1595 1872 domum
1650 1816 1789 1872 satis
1836 1814 2093 1872 clausam
2139 1811 2212 1873 iic
2244 1815 2460 1872 .ιιιιιιιί-

359 1900 432 1953 20
465 1904 584 1950 tam
639 1892 859 1951 fuisse?
940 1893 1127 1951 Urbes
1187 1893 1305 1969 jam
1361 1893 1675 1969 locupletes
1729 1913 1800 1951 ac
1853 1895 2096 1969 copiosae
2147 1896 2460 1970 requirun-

465 1983 578 2043 tur,
620 1973 828 2048 quibus
876 1991 1055 2031 causa
1102 1973 1257 2044 belli,
1300 1984 1527 2049 propter
1570 1973 1876 2051 diripiendi
1926 1973 2321 2050 cupiditatem,
2368 1974 2458 2031 in-

470 2053 699 2110 feratur.
784 2053 1059 2110 Libenter
1105 2054 1230 2109 haec
1274 2051 1470 2109 coram
1516 2071 1651 2110 cum
1693 2052 1773 2114 Q.
1815 2052 2029 2110 Catulo
2068 2062 2127 2109 et
2170 2053 2252 2113 Q.
2298 2053 2457 2110 Hor-

466 2134 653 2189 tensio
699 2132 1068 2209 disputarem,
1114 2131 1355 2188 summis
1408 2141 1468 2188 et
1520 2130 1855 2188 clarissimis
1910 2130 2060 2188 viris,
2143 2131 2458 2189 Noverunt

466 2211 623 2268 enim
668 2213 953 2270 sociorum
1001 2211 1271 2269 vulnera·
1326 2209 1526 2267 vident
1572 2229 1769 2268 eorum
1818 2209 2213 2268 calamitates.
2259 2212 2459 2298 queri-

362 2298 434 2351 25
469 2292 691 2348 monias
745 2291 1003 2347 audiunt.
1086 2289 1198 2347 Pro
1251 2289 1425 2346 sociis
1477 2308 1576 2347 vos
1631 2299 1832 2346 contra
1886 2290 2075 2346 hostes
2127 2289 2479 2350 exercitum.

470 2371 695 2427 mittere
734 2370 966 2446 putatia,
998 2387 1091 2437 an,
1121 2368 1368 2425 hostium
1407 2367 1791 2438 simulatione,
1821 2378 2022 2425 contra
2056 2367 2241 2425 socios
2277 2379 2457 2443 atque

472 2449 730 2505 amicos?
811 2447 966 2508 Quae
1004 2447 1206 2504 civitas
1249 2457 1335 2504 est
1379 2447 1439 2504 in
1482 2447 1646 2517 Asia,
1677 2467 1802 2522 quae
1841 2467 1957 2504 non
1998 2445 2167 2503 modo
2209 2447 2456 2536 impera—

469 2527 607 2585 toris
637 2536 733 2583 aut
761 2525 957 2601 legati,
985 2526 1087 2582 sed
1115 2526 1288 2584 unius
1315 2526 1533 2583 tribuni
1562 2493 1830 2597 militum,
1860 2526 2081 2584 animos
2111 2544 2180 2582 ac
2216 2527 2453 2647 spiritus

471 2624 678 2680 capere
706 2606 923 2680 possiti!

365 2689 437 2743 30
550 2684 790 2741 XXIII.
851 2684 1077 2755 Quare,
1106 2684 1280 2742 etiam
1318 2683 1542 2759 siquem
1577 2684 1821 2754 habetis,
1849 2684 1968 2759 qui,
1998 2682 2220 2766 collatis
2247 2683 2453 2760 signis,

468 2764 759 2820 exercitus
805 2764 993 2839 regios
1039 2782 1307 2839 superare
1354 2783 1519 2853 posse
1566 2764 1872 2832 videatur;
1919 2773 2133 2832 tamen,
2181 2762 2295 2818 nisi
2343 2760 2476 2821 erit

472 2843 646 2912 idem,
675 2842 772 2918 qui
812 2862 875 2899 se
917 2862 950 2899 a
988 2843 1252 2918 pecuniis
1288 2843 1594 2912 sociorum,
1622 2841 1721 2916 qui
1762 2841 1836 2898 ab
1873 2860 2070 2899 eorum
2109 2840 2455 2917 conjugibus

473 2938 545 2978 ac
583 2921 799 2993 liberis,
828 2921 925 2997 qui
967 2921 1041 2978 ab
1078 2920 1433 2979 ornamentis
1470 2921 1729 2978 fanorum
1773 2931 1942 2996 atque
1967 2919 2324 2995 oppidorum,
2354 2938 2455 2994 qui

475 3001 548 3057 ab
596 3020 734 3058 auro
780 3019 1044 3092 gazaque
1090 3000 1272 3076 regia,
1321 3000 1807 3071 manus,oou10s,
1854 2999 2130 3067 animum,
2180 2999 2456 3055 cohibere

367 3091 440 3146 35
471 3079 678 3155 possit;
722 3100 834 3138 non
876 3080 985 3137 erit
1025 3079 1285 3149 idoneuS,
1313 3077 1433 3153 qui
1455 3078 1528 3135 ad
1568 3079 1780 3135 bellum
1831 3076 2157 3135 Asiaticum
2205 3077 2457 3152 regium·-

472 3178 584 3233 que
639 3160 913 3216 mittatur.
996 3157 1258 3233 Ecquam
1314 3158 1526 3233 putatis
1580 3157 1872 3214 civitatem
1925 3166 2192 3246 pacatam
2252 3155 2456 3239 fuisse,

473 3257 602 3312 quae
630 3238 884 3313 locuples
923 3238 1037 3295 sit‘l
1092 3255 1344 3326 ecquam
1379 3256 1506 3294 esse
1545 3235 1909 3311 locupletem,
1940 3253 2065 3309 quae
2096 3234 2219 3290 istis
2245 3242 2458 3310 pacata

474 3335 600 3374 esse
628 3317 929 3374 videatur'l
997 3315 1124 3373 Ora
1157 3316 1465 3385 maritima,
1492 3314 1778 3385 Quirites,
1809 3315 1918 3371 Cn.
1948 3312 2308 3388 Pompeium,
2325 3328 2456 3377 non

475 3393 659 3453 solum
698 3406 922 3472 propter
962 3396 1048 3453 rei
1087 3392 1352 3452 militaris
1391 3394 1651 3470 gloriam,
1681 3360 1783 3450 sed
1811 3393 1985 3450 etiam
2019 3403 2246 3467 propter
2277 3386 2478 3465 aniffi„

371 3485 443 3538 40
478 3475 911 3546 continentiam,
941 3473 1250 3549 requisivit.
1334 3473 1589 3530 Videbat
1628 3472 1783 3529 enim
1810 3470 2080 3547 populum
2107 3468 2498 3569 Rome

477 3573 592 3628 non
632 3553 966 3630 locupletari
1007 3552 1312 3627 quotannis
1356 3551 1606 3626 pecunia
1651 3551 1906 3626 publica,
1954 3559 2156 3624 praeter
2203 3554 2530 3629 ρτιιιοειζξ-ιῑ

74 3690 80 3696 ,
479 3651 665 3704 neque
693 3652 795 3688 nos
821 3631 1133 3706 quidquam
1176 3630 1330 3687 aliud
1374 3628 1596 3717 assequi
1640 3629 1911 3686 classium
1947 3627 2198 3701 nomine,
2229 3628 2346 3687 nisi
2371 3634 2518 3711 Βῆ

144 3642 451 3879 f
479 3709 837 3765 detrimentis
882 3708 1253 3782 accipiendis»,
1282 3707 1495 3781 majore
1538 3706 1688 3773 affici
1731 3707 2082 3780 turpitudine
2109 3698 2474 3787 videremus&

36 3874 149 3973 s

482 3784 543 3842 N
546 3803 681 3854 unc,
710 3786 822 3858 qua
851 3785 1164 3860 cupiditate
1193 3784 1493 3843 homines
1479 3804 1539 3841 ιιι
1579 3785 1926 3859 provinciaS,
1953 3784 2160 3858 quibus
2190 3776 2498 3859 jacturis?
