2667 4242
693 286 965 337 ORATIO
1007 288 1099 338 lv.
1144 288 1221 338 IN
1265 289 1326 337 L.
1376 284 1799 340 CATILINAM.
2248 286 2336 353 41-

251 439 519 503 quaestuS,
547 430 798 489 occlusis
823 431 1099 505 tabernis,
1128 431 1311 490 minui
1339 433 1502 506 solet,
1532 432 1671 509 quid
1709 433 1946 491 tandem
1973 432 2231 493 incensis
2283 402 2398 491 4-

136 509 505 566 *futurum
533 510 707 571 est?

324 588 481 650 Quae
510 607 646 646 cum
675 587 756 646 ita
782 589 915 661 sint,
943 588 1147 648 Patres
1174 590 1525 667 conscripti,
1552 590 1713 650 vobis
1736 590 1930 667 populi
1969 590 2228 650 Romani

245 666 513 742 praesidia
541 687 654 725 non
683 669 922 726 desunt.
964 688 1064 727 vos
1090 689 1165 727 ne
1189 669 1399 746 populo
1428 669 1700 729 Romano
1725 670 1927 728 deesse
1954 670 2228 728 videami-

247 745 329 816 ni,
357 746 665 822 providete.
2286 752 2324 806 5

219 823 229 831 '
327 824 438 881 IX.
509 824 756 882 Habetis
810 825 1106 884 consulem
1147 846 1219 885 ex
1255 826 1518 903 plurimis
1566 825 1840 905 periculis
1879 836 1939 885 et
1978 824 2222 901 insidiis,

249 912 421 977 atque
465 923 538 960 ex
578 904 771 961 media
814 915 1014 976 morte,
1044 924 1159 963 non
1205 908 1278 963 ad
1314 906 1491 963 vitam
1534 922 1716 978 suam,
1746 906 1849 963 sed
1878 906 1951 963 ad
1978 906 2223 963 salutem

228 993 516 1052 vestram,
546 993 929 1041 reservatum:
971 1002 1171 1041 omnes
1196 985 1448 1056 ordineS,
1478 986 1550 1041 ad
1595 985 2046 1043 conservandam
2078 1003 2225 1042 rem-

243 1060 561 1135 publicam,
580 1073 772 1119 mente
778 1062 1120 1133 ,voluntate,
1139 1064 1348 1134 studio,
1376 1063 1604 1134 virtute,
1633 1082 1793 1153 voce,
1822 1062 2218 1121 consentiunt:

246 1140 484 1196 obsessa
525 1139 747 1196 facibus
787 1150 845 1197 et
890 1140 1020 1198 telis
1069 1141 1253 1217 iinpiae
1310 1141 1737 1217 conjurationiS,
1778 1141 1938 1199 vobis
1991 1141 2223 1231 supplex
2254 1147 2322 1204 10

170 1246 181 1255 -
246 1236 457 1275 manus
484 1217 668 1275 tendit
693 1218 877 1294 patria
904 1220 1258 1277 communis:
1300 1220 1461 1277 vobis
1488 1239 1570 1291 se,
1588 1220 1748 1277 vobis
1768 1219 1942 1277 vitam
1968 1220 2224 1278 omnium

246 1295 484 1367 civium,
520 1296 677 1354 vobis
726 1315 916 1354 arcem
964 1308 1022 1355 et
1077 1297 1445 1374 Capitolium,
1496 1297 1654 1356 vobis
1707 1317 1834 1356 aras
1898 1297 2222 1371 Penatium,

245 1375 408 1432 vobis
451 1342 612 1432 illum
656 1375 847 1453 ignem
879 1376 1070 1434 Vestae
1114 1387 1450 1452 perpetuum
1495 1396 1565 1434 ac
1608 1376 2037 1453 sempiternum,
2064 1377 2224 1435 vobis

245 1454 441 1510 omnia
493 1454 704 1530 templa
757 1454 1015 1512 Deorum
1066 1465 1235 1529 atque
1281 1450 1543 1526 delubra,
1591 1455 1751 1513 vobis
1804 1474 1997 1512 muros
2052 1464 2221 1529 atque

246 1533 407 1589 urbis
446 1542 619 1603 tecta,
649 1534 1029 1590 commendat.
1113 1534 1401 1591 Praeterea
1439 1535 1513 1591 de
1546 1534 1732 1591 vestra
1760 1533 1899 1604 vita,
1927 1534 2000 1592 de
2028 1533 2324 1609 conju-15

245 1629 384 1687 gum
414 1623 728 1668 vestrarum
773 1630 843 1669 ac
886 1611 1193 1670 liberorum
1229 1612 1442 1683 anima,
1472 1613 1544 1670 de
1574 1612 1814 1671 fortunis
1839 1611 2117 1683 omnium,
2146 1611 2220 1670 de

246 1689 498 1760 sedibuS,
528 1691 600 1747 de
629 1690 772 1747 focis
799 1691 1017 1762 vestriS‚
1049 1691 1323 1748 hodierno
1350 1691 1446 1748 die
1474 1691 1632 1748 vobis
1653 1691 2033 1768 judicandum
2061 1699 2165 1747 est.

328 1766 572 1825 Habetis
617 1769 846 1839 ducem,
890 1788 1201 1827 memorem
1249 1770 1443 1840 vestri,
1486 1770 1724 1828 oblitum
1768 1769 1891 1840 sui3
1934 1788 2061 1843 quae
2075 1770 2221 1829 ‘non

245 1866 467 1923 semper
497 1847 740 1905 facultas
775 1849 976 1905 datur:
1022 1848 1243 1905 habetis
1284 1867 1487 1905 omnes
1524 1848 1773 1918 ordineS,
1801 1867 2002 1905 omnes
2042 1847 2222 1905 homi·

138 1919 148 1928 ’
245 1945 371 1996 neS,
404 1926 728 1983 universum
771 1927 1042 2002 populum
1087 1926 1420 1983 Romanum
1451 1926 1558 2004 (id,
1588 1927 1781 2001 quod
1767 1946 1827 1984 m
1856 1925 2012 1984 civili
2039 1945 2218 1983 causa
2246 1934 2324 1989 20

246 2004 531 2062 hodierno
550 2005 644 2062 die
669 2004 917 2081 primum
946 2005 1234 2082 videmus)
1268 2023 1447 2062 unum
1478 2015 1648 2079 atque
1676 2005 1829 2062 idem
1858 1998 2217 2063 sentientem.
2298 2031 2304 2037 ⁴

245 2083 537 2159 Cogitate,
560 2083 791 2157 quantis
810 2083 1100 2140 laboribus
1122 2083 1458 2140 fundatum
1445 2082 1766 2158 imperium,
1784 2082 1999 2156 quanta
2016 2082 2221 2141 virtute

247 2161 563 2218 stabilitam
606 2161 948 2231 libertatem,
979 2161 1195 2236 quanta
1238 2161 1495 2218 Deorum
1522 2159 1877 2237 benignitate
1906 2169 2104 2218 auctas
2130 2181 2224 2218 ex-

251 2250 669 2315 aggeratasque
699 2238 971 2310 fortunae,
1003 2258 1119 2296 una
1144 2259 1254 2299 nox
1285 2238 1434 2315 pene
1469 2238 1688 2296 delerit.
1771 2239 1841 2296 Id
1868 2258 1944 2297 ne
1970 2257 2223 2315 unquam

246 2319 509 2395 posthac,
540 2323 653 2375 n‘on
696 2316 866 2375 modo
911 2314 1138 2389 confici,
1168 2319 1267 2375 sed
1313 2336 1387 2375 ne
1431 2317 1672 2395 cogitari
1713 2317 1944 2393 quidem
1984 2318 2160 2394 possit
2187 2337 2224 2376 a
2245 2327 2319 2382 25

248 2396 495 2467 civibuS,
527 2396 801 2454 hodierno
842 2397 935 2454 die
975 2397 1387 2473 providendum
1430 2407 1531 2454 est.
1614 2398 1809 2471 Atque
1844 2397 1985 2468 haec,
2015 2416 2129 2455 non
2157 2408 2219 2456 ut

246 2494 367 2545 voe,
410 2476 509 2550 qui
567 2475 715 2531 mihi
763 2475 951 2533 studio
1003 2496 1151 2552 pene
1207 2474 1573 2551 praecurritis,
1622 2476 1953 2546 excitarem,
1994 2476 2219 2534 locutus

200 2563 205 2567 ’
243 2566 411 2623 sum,
400 2574 413 2586 ·
456 2555 558 2610 sed
587 2565 650 2609 ut
676 2573 806 2611 mea
834 2574 957 2625 vox,
986 2574 1112 2629 quae
1141 2554 1312 2611 debet
1344 2574 1470 2612 esse
1512 2554 1571 2612 in
1613 2554 1906 2631 republica
1932 2554 2217 2631 princepe,

150 2630 159 2639 ’
243 2632 437 2691 officio
465 2633 665 2690 functa
693 2633 977 2690 consulari
1009 2633 1309 2690 videretur.

325 2711 403 2769 X.
459 2710 518 2768 N
522 2731 658 2783 unc
702 2710 836 2769 ante
879 2712 1049 2786 quam
1097 2710 1325 2789 [Patres
1362 2710 1732 2792 Conscripti]
1761 2712 1834 2770 ad
1874 2711 2216 2770 sententiam
2243 2724 2316 2779 30
2381 2706 2440 2743 ἰ’

244 2791 438 2862 redeo,
467 2792 541 2848 de
569 2810 662 2847 me
689 2809 876 2867 pauca
904 2791 1112 2848 dicam.
1199 2791 1343 2877 Ego,
1374 2801 1588 2866 quanta
1615 2810 1820 2849 manus
1846 2803 1933 2849 est
1961 2792 2220 2882 conjura·

246 2879 455 2939 torum,
485 2889 658 2943 quam
680 2869 883 2927 videtis
910 2886 1035 2929 esse
1062 2889 1455 2946 permagnam,
1484 2880 1702 2927 tantam
1731 2889 1824 2927 me
1854 2869 2218 2928 inimicorum

246 2948 675 3006 multitudinem
715 2949 1033 3024 suscepisse
1064 2948 1257 3006 video:
1302 2949 1402 3005 sed
1444 2967 1573 3013 eam
1614 2968 1740 3006 esse
1769 2948 1969 3025 judico
1993 2958 2219 3029 turpem

246 3037 307 3084 et
347 3026 651 3097 infirmam,
682 3037 1066 3103 contemptam
1105 3038 1162 3084 et
1204 3027 1504 3117 abjectam.
1585 3026 1768 3090 Quod
1804 3027 1853 3084 si
1891 3022 2217 3101 aliquando,

247 3105 494 3181 alicujus
535 3106 722 3164 fiirore
761 3116 818 3163 et
859 3105 1078 3163 scelere
1119 3106 1411 3164 concitata
1436 3125 1641 3164 manus
1669 3104 1778 3163 ista
1802 3106 1930 3171 plus
1955 3102 2218 3171 valuerit,
2247 3111 2319 3166 35

245 3182 421 3258 quam
451 3195 639 3242 restra
679 3203 749 3243 ac
777 3185 1107 3261 reipublicae
1149 3185 1433 3262 dignitas3
1475 3204 1569 3243 me
1595 3195 1790 3242 tamen
1818 3199 2077 3240 meorum
2105 3179 2223 3235 fac-

244 3273 433 3320 torum
478 3275 647 3337 atque
689 3264 1054 3322 consiliorum
1098 3283 1415 3338 nunquam,
1444 3263 1644 3320 Patres
1671 3260 2018 3353 Conscripti,
2045 3255 2225 3334 poeni·

243 3342 409 3399 tebit.
478 3340 720 3399 Etenim
751 3362 919 3413 mors,
950 3362 1121 3418 quam
1166 3343 1247 3399 illi
1289 3342 1429 3399 mihi
1461 3342 1695 3399 fortasse
1724 3338 2078 3406 minitan‘tur,
2107 3351 2225 3390 om-

246 3419 424 3479 nibus
450 3430 537 3476 est
564 3431 788 3494 parata:
832 3422 959 3479 vitae
987 3432 1206 3479 tantam
1234 3421 1487 3488 laudem,
1516 3419 1728 3493 quanta
1771 3436 1868 3474 vos
1906 3434 1996 3471 me
2024 3410 2225 3470 vestris

248 3497 502 3555 decretis
532 3498 885 3571 honestastis,
916 3519 1085 3557 nemo
1111 3510 1199 3557 est
1229 3507 1541 3555 assecutus.
1625 3495 1866 3553 Coeteris
1898 3492 2053 3549 enim
2082 3507 2225 3546 sem·
2251 3499 2323 3555 4ο

244 3597 350 3654 per
394 3574 540 3634 bene
578 3590 770 3654 gestan,
801 3548 942 3636 mi'hi
986 3578 1085 3636 uni
1128 3585 1499 3645 conservatae,
1529 3572 1857 3649 reipublicae
1897 3567 2226 3646 gratulatio-

245 3675 383 3715 nem
414 3657 761 3714 decrevistiS.
1027 3682 1040 3697 ·
2194 3681 2451 3723 ---—..······

331 3734 420 3791 Sit
449 3736 646 3811 Scipio
673 3737 885 3807 clarus,
909 3735 1025 3803 ille,
1048 3734 1214 3808 cujus
1241 3729 1483 3788 consilio
1504 3737 1674 3802 atque
1694 3726 1901 3784 virtute
1928 3720 2268 3785 Hannibal*

248 3813 311 3871 in
366 3814 631 3871 Africam
675 3815 882 3885 redire,
926 3824 1097 3896 atque
1144 3829 1216 3865 ex
1270 3806 1444 3864 Italia
1485 3806 1788 3876 decedere,
1830 3816 2063 3862 coactus
2103 3813 2224 3861 est.

716 3892 804 3948 4*
870 3944 875 3949 .
