2667 4242
355 316 469 376 ιω
584 386 589 391 .
924 316 1201 397 oaa'rio
1244 316 1320 366 m
1365 317 1441 390 Μ’.
1485 314 1896 369 ANTONIUM.

448 457 780 517 faciendum
811 479 924 518 non
953 470 1160 538 potest,
1191 478 1265 519 ne
1308 470 1498 520 metus
1524 459 1755 537 quidem
1803 481 1838 520 a
1881 460 2215 519 foedissimis
2263 460 2447 532 factis„

446 549 634 614 potest
663 541 948 598 avocare?
1030 539 1065 597 J
1073 541 1265 598 udicia
1294 559 1407 598 non
1448 541 1673 598 metuis.
1758 541 1823 598 Si
1850 551 2079 617 propter
2108 540 2440 599 innocenti-

450 632 563 687 am,
593 617 792 676 laudo:
851 618 899 675 si
946 631 1173 695 propter
1201 619 1335 689 vim,
1365 638 1482 677 non
1529 619 1821 696 intelligia,
1864 621 1941 692 ei,
1969 619 2066 695 qui
2111 620 2222 677 isto
2263 620 2439 678 modo

454 695 677 772 judicia
706 714 820 754 non
851 698 1070 768 timeat,
1099 698 1235 773 quid
1266 698 1588 755 timendum
1618 698 1728 757 sit'l
1875 707 1879 711 '

383 778 421 831 5
526 773 707 836 Quod
753 776 800 833 si
831 795 946 834 non
988 777 1197 834 metuis
1226 777 1373 834 viros
1415 776 1608 848 fortes,
1648 776 2024 854 egregiosque
2067 777 2248 848 cives,
2274 774 2437 852 quod

450 872 485 911 a
513 873 751 928 corpore
792 864 893 912 tuo
931 855 1304 930 prohibentur
1349 855 1549 926 arruisg
1598 856 1682 913 tui
1709 866 1787 927 te,
1816 852 1958 913 mihi
1987 857 2183 927 crede,
2214 856 2437 913 diutius

448 951 564 990 non
595 932 796 990 serent.
896 934 1052 996 Quae
1097 944 1186 991 est
1235 944 1427 991 autem
1470 934 1605 1005 vita,
1646 934 1773 992 dies
1811 945 1869 992 et
1913 944 2114 992 noctes
2152 935 2361 992 timere
2402 950 2439 993 a
2533 961 2543 973 ·

448 1011 608 1068 suis'l
651 1011 762 1068 nisi
791 1010 926 1069 vero
952 1022 1052 1070 aut
1071 1012 1383 1089 majoribus
1412 1013 1589 1070 habes
1611 1013 1911 1071 beneficiis
1930 1013 2235 1090 obligatos,
2257 1011 2435 1089 quim

450 1088 545 1146 ille
572 1090 850 1165 quosdam
894 1091 1093 1149 habuit
1131 1110 1205 1150 ex
1245 1092 1334 1163 iis,
1366 1110 1401 1149 a
1438 1092 1647 1167 quibus
1686 1102 1774 1149 est
1802 1092 2172 1163 interfectus;
2241 1102 2345 1149 aut
2371 1103 2435 1150 tu

353 1165 421 1219 10
449 1187 514 1225 es
561 1168 693 1225 ulla·
725 1189 788 1226 re
835 1188 969 1227 curn
1018 1189 1089 1228 eo
1131 1171 1572 1246 comparandus.
1657 1170 1794 1228 Fuit
1843 1171 1900 1228 in
1951 1171 2050 1229 illo
2105 1171 2431 1248 ingenium,

397 1314 415 1328 δ
448 1246 613 1317 ratio,
642 1249 939 1320 memoria,
982 1249 1181 1321 literas,
1225 1269 1387 1321 cura,
1431 1249 1724 1326 cogitati0‚
1766 1249 2101 1326 diligentia:
2158 1266 2254 1307 res
2280 1250 2436 1308 bello

448 1336 726 1402 gesserat,
767 1327 1027 1402 quamvis
1065 1328 1399 1404 reipublicae
1441 1329 1825 1398 calamitosae,
1868 1338 2123 1385 attamen
2150 1326 2434 1406 magnas:

449 1405 660 1462 multos
701 1424 883 1462 annos
930 1426 1173 1483 regnare
1213 1407 1544 1478 meditatae,
1572 1422 1784 1483 magno
1821 1407 2037 1479 labore,
2066 1408 2297 1484 magnis
2338 1424 2436 1484 pe-

449 1483 669 1554 riculis,
709 1485 860 1560 quod
903 1486 1205 1562 cogitatat,
1245 1486 1552 1543 effecerat:
1622 1485 1977 1556 muneribus,
2019 1486 2433 1559 monumentis,

353 1565 421 1618 15
451 1562 782 1639 congiariis,
837 1565 1042 1640 epulis,
1098 1564 1526 1622 multitudinem
1570 1564 1891 1639 imperitam
1947 1565 2229 1623 lenierat:
2297 1578 2435 1623 suos

449 1642 720 1717 praemiis,
766 1643 1132 1701 adversarios
1185 1644 1511 1702 clementiae
1564 1643 1778 1721 specie,
1818 1643 2171 1701 devinxerat.
2263 1642 2433 1706 Quid

450 1721 672 1779 multa?
736 1722 1002 1780 attulerat
1047 1722 1166 1799 jam
1208 1722 1406 1781 liberae
1460 1723 1698 1796 civitati,
1739 1722 1948 1799 partim
2002 1732 2181 1794 metu,
2222 1723 2434 1800 partim

448 1799 749 1876 patientia,
778 1801 1259 1859 consuetudinem
1286 1801 1593 1860 serviendi.
2363 1820 2370 1826 ·

325 1942 336 1954 ‚
530 1878 752 1937 XLVI.
834 1881 987 1939 Cum
1030 1881 1128 1939 illo
1166 1898 1276 1958 ego
1329 1892 1388 1939 te
1428 1880 1765 1939 dominandi
1807 1879 2126 1956 cupiditate
2167 1880 2434 1939 conferre

349 1956 423 2010 20
449 1975 681 2033 possum
699 1978 714 2028 3
764 1959 990 2017 caeteris
1042 1958 1176 2018 vero
1216 1961 1391 2018 rebus
1441 1960 1600 2019 nullo
1651 1957 1821 2017 modo
1872 1976 1938 2023 es
1990 1961 2432 2036 comparandus·

282 2047 289 2054 ’
452 2036 592 2107 Sed,
614 2056 687 2094 ex
713 2037 974 2113 plurimis
996 2038 1180 2110 malis,
1197 2058 1324 2115 quae
1355 2040 1428 2097 ab
1450 2038 1547 2098 illo
1574 2034 1906 2115 reipublicae
1927 2048 2062 2096 sunt
2088 2037 2303 2110 inusta,
2323 2040 2435 2097 hoc

451 2124 646 2174 tamen
673 2117 809 2174 boni
837 2128 943 2188 est,
970 2116 1124 2195 quod
1154 2117 1359 2176 didicit
1380 2117 1500 2194 jam
1528 2118 1771 2195 populus
1798 2117 2124 2187 Romanus,
2152 2129 2433 2194 quantum

452 2194 663 2270 cuique
704 2197 986 2267 crederet,
1027 2197 1234 2274 quibus
1275 2215 1339 2254 se
1381 2197 1784 2268 committeret,
1835 2212 1869 2254 a
1920 2196 2130 2273 quibus
2184 2207 2417 2254 caveret

452 2271 801 2351 Haec‘igitur
829 2294 945 2333 non
974 2275 1240 2353 cogitas?
1283 2295 1395 2334 nec
1436 2275 1728 2353 intelligis,
1758 2274 1898 2333 satis
1937 2294 2063 2333 esse
2103 2275 2242 2333 viris
2284 2276 2438 2333 sorti-

351 2357 424 2411 25
454 2352 561 2409 bus
586 2352 879 2426 didicisse,
906 2353 1078 2430 quim
1120 2354 1196 2412 sit
1220 2371 1282 2412 re
1321 2356 1649 2431 pulchrum,
1681 2354 1966 2412 beneficio
2002 2364 2253 2430 gratum,
2283 2354 2437 2412 sama

450 2429 780 2506 gloriosum,
803 2443 1110 2509 tyrannum
1136 2434 1445 2492 occidere}
1527 2435 1648 2504 An,
1670 2430 1806 2490 cum
1835 2433 1996 2490 illum
2026 2433 2292 2490 homines
2318 2450 2436 2491 non

450 2508 707 2582 tulerint,
733 2522 793 2568 te
834 2511 1061 2570 ferenti
1141 2513 1423 2571 Certatim
1463 2513 1703 2589 posthac
1749 2510 1914 2589 (mih'
1959 2512 2163 2591 crede)
2209 2512 2283 2569 ad
2326 2513 2438 2571 hoc

450 2606 596 2664 opus
625 2602 918 2662 curretur3
961 2611 1074 2650 nec
1100 2592 1428 2650 occasionis
1454 2591 1696 2649 tarditas
1720 2528 2165 2666 exspehabitur.

533 2663 810 2744 Respice,
840 2689 1053 2746 quaeso,
1085 2671 1393 2747 aliquando
1433 2670 1869 2746 rempublicam,
1900 2668 1984 2727 M.
2014 2667 2273 2726 Antoni:
2314 2669 2438 2744 qui-

354 2747 427 2802 ³0
455 2746 563 2803 bus
599 2758 759 2806 ortus
800 2750 897 2821 sis,
928 2769 1043 2808 non
1083 2751 1431 2825 quibuscum
1471 2750 1649 2821 vivas,
1692 2748 2033 2806 considera:
2076 2764 2330 2817 mecum,
2373 2756 2437 2806 ut

453 2826 640 2895 voles;
686 2847 818 2885 cum
862 2829 1161 2906 republica
1202 2830 1325 2887 redi
1369 2830 1429 2886 in
1471 2828 1735 2906 gratiam:
1819 2827 1934 2886 Sed
1978 2826 2051 2883 de
2105 2837 2164 2886 te
2204 2835 2269 2883 tu
2312 2826 2434 2902 ipse

453 2905 697 2965 videris:
761 2927 871 2985 ego
910 2909 984 2966 de
1026 2926 1117 2965 me
1159 2907 1281 2984 ipso
1319 2907 1641 2984 profitebor.
1725 2905 1976 2967 Defendi
1997 2905 2436 2981 -rempublicam

456 2985 795 3045 adolescens
813 3008 827 3057 ;
871 3007 986 3045 non
1009 2987 1270 3044 deseram
1289 3004 1502 3045 senex:
1546 2985 1865 3062 contempsi
1884 2984 2156 3043 Catilinae
2178 2984 2435 3061 gladios;

455 3083 574 3123 non
603 3068 1007 3141 pertimescam
1038 3077 1184 3123 tuos
1265 3066 1434 3127 Quin
1463 3066 1639 3122 etiam
1683 3083 1889 3140 corpus
1930 3065 2178 3121 libenter
2218 3062 2439 3121 obtule-

170 3134 177 3139 *
244 3177 249 3181 ·
355 3150 428 3206 85
455 3143 585 3215 rim,
623 3144 673 3201 si
714 3145 1109 3222 repraesentari
1153 3155 1333 3203 morte
1377 3144 1508 3201 mea
1549 3144 1781 3201 libertas
1824 3143 2073 3201 civitatis
2110 3151 2333 3218 potest3
2376 3149 2439 3199 ut

457 3224 766 3299 aliquando
792 3225 951 3283 dolor
992 3225 1185 3300 populi
1214 3224 1471 3282 Romani
1513 3224 1718 3299 pariat,
1746 3223 1898 3298 quod
1922 3221 2144 3297 jamdiu
2173 3220 2434 3296 parturit.

456 3301 691 3360 Etenim
730 3303 802 3373 si,
834 3304 1047 3360 abhinc
1089 3322 1272 3361 annos
1311 3301 1489 3378 prope
1533 3301 1755 3379 viginti,
1785 3302 1897 3358 hoc
1939 3301 2062 3376 ipso
2102 3299 2163 3357 in
2206 3299 2438 3374 templo,

455 3383 664 3459 negavi
685 3400 848 3458 posse
867 3397 1106 3439 mortem
1132 3381 1496 3439 immaturam
1518 3400 1646 3439 esse
1664 3380 1952 3438 consulari
1972 3396 1986 3449 ;
2015 3387 2232 3454 quanto
2249 3376 2441 3435 verius

456 3479 618 3518 nunc
637 3462 881 3537 negabo,
911 3460 1077 3517 seni?
1161 3460 1312 3517 Mihi
1337 3458 1494 3531 vero,
1520 3460 1718 3518 Patres
1740 3458 2092 3535 conscripti,
2116 3456 2237 3533 jam
2267 3456 2442 3514 etiam

357 3542 430 3596 40
456 3541 707 3615 optanda
749 3559 900 3598 mors
939 3549 1044 3611 est,
1087 3540 1393 3616 perfuncto
1446 3540 1619 3597 rebus
1669 3538 1757 3610 iis,
1798 3552 1941 3613 quas
1997 3537 2240 3611 adeptus
2294 3554 2443 3605 sum,

456 3637 709 3694 quasque
737 3620 907 3695 gessi.
952 3620 1085 3677 Duo
1114 3617 1284 3677 modo
1311 3621 1629 3696 haecopto:
1674 3636 1873 3687 unum,
1898 3615 2242 3673 ut·m0riens
2268 3633 2446 3690 popu-

457 3695 576 3752 lum
621 3697 953 3756 Romanum
995 3700 1239 3756 liberum
1282 3699 1630 3773 relinquam3
1675 3697 1786 3754 hoc
1829 3695 1971 3753 mihi
2014 3694 2199 3771 majus
2241 3712 2279 3751 a
2319 3692 2447 3750 Diis

460 3774 876 3834 immortalibus
896 3779 1021 3836 dari
1049 3778 1189 3835 nihil
1221 3787 1435 3853 potest:
1481 3775 1742 3846 alterum,
1766 3784 1829 3832 ut
1857 3774 1938 3832 ita
1964 3774 2174 3850 cuique
2196 3772 2448 3846 eveniat,

459 3861 524 3906 ut
550 3853 622 3909 de
651 3856 948 3930 republica
974 3857 1213 3933 quisque
1240 3862 1545 3912 mereatur.

318 4140 603 4212 A
