2667 4242
356 308 471 370 144
955 309 1227 359 ORATIO
1275 309 1351 359 IN
1396 309 1468 358 Μ.
1517 300 1923 359 ANTONIUM.

535 452 615 511 Ut
642 452 815 530 igitur
843 452 902 512 in
931 452 1248 511 seminibus
1275 464 1363 512 est
1390 472 1567 511 causa
1610 453 1877 512 arborum
1919 463 1978 512 et
2020 453 2308 530 stirpium,
2350 453 2438 513 sio

458 532 628 608 hujus
654 531 1061 591 luctuosissimi
1090 532 1226 589 belli
1255 552 1452 591 semen
1500 544 1562 590 tu
1607 532 1783 590 fuisti.
1868 533 2091 591 Doletis
2117 544 2237 590 tres
2277 552 2438 590 exer-

458 611 608 669 citus
633 612 825 688 populi
856 610 1107 669 Romani
1151 610 1526 669 interfectos?
1588 611 1878 669 interfecit
1925 613 2236 671 Antonius.
2325 611 2439 670 De-

457 690 722 748 sideratis
748 690 1094 748 clarissimos
1122 690 1321 748 civesi
1362 710 1461 749 eos
1505 710 1729 767 quoque
1757 690 1966 767 eripuit
1998 691 2158 749 vobis
2187 690 2439 749 Antoni-

384 778 422 832 5
458 788 542 826 us.
623 768 957 827 Auctoritas
984 767 1153 844 hujus
1177 769 1396 828 ordinis
1438 768 1651 833 afflicta
1691 772 1819 828 esti
1882 770 2079 827 afflixit
2120 769 2435 827 Antonius,

454 846 673 905 Omnia
700 842 967 938 denique,
995 866 1121 922 quae
1148 859 1345 924 postea
1371 847 1637 920 vidimus,
1688 847 1854 924 (quid
1901 858 2090 906 autem
2138 849 2298 906 mali
2323 869 2437 908 non

456 926 703 984 vidimus
721 927 775 1005 ἵ)
830 926 881 984 si
920 925 1079 984 recte
1123 926 1616 998 ratiocinabimur,
1665 927 1768 984 uni
1824 937 2064 1005 accepta
2116 927 2437 985 referemus
2529 976 2540 988 .

457 1005 730 1067 Antonio.
838 991 917 1064 Ut
958 1004 1188 1071 Helena
1239 1005 1531 1082 Trojanis,
1584 1006 1671 1064 sic
1725 1005 1833 1064 iste
1886 1007 2023 1063 huic
2076 1005 2434 1081 reipublicae,

457 1103 637 1143 causa
681 1084 836 1156 belli,
865 1102 1044 1142 causa
1087 1084 1262 1160 pestis
1305 1095 1476 1159 atque
1518 1085 1698 1155 exitii,
1729 1084 1851 1143 fuit.
1936 1083 2204 1160 Reliquae
2244 1095 2436 1161 partes

353 1170 422 1224 10
457 1163 782 1221 tribunatus
807 1162 1088 1240 principio
1113 1161 1346 1220 similes.
1428 1162 1644 1220 Omnia
1690 1162 1971 1240 perfecit„
1997 1183 2144 1238 quae,
2176 1173 2433 1236 senatus,

456 1242 613 1300 salva
667 1242 962 1318 republica
1003 1261 1078 1299 ne
1118 1240 1241 1299 fieri
1280 1252 1528 1319 possent,
1581 1242 1919 1319 perfecerat.
2000 1242 2186 1319 Cujus
2236 1253 2436 1300 tamen

457 1322 647 1379 scelus
674 1321 733 1379 in
761 1321 980 1379 scelere
1008 1320 1354 1397 cognoscite.

537 1398 778 1457 XXIII.
849 1398 1218 1457 Restituebat
1283 1398 1490 1457 multos
1543 1397 1938 1458 calamitosos:
1999 1398 2056 1457 in
2113 1399 2207 1456 his
2244 1399 2436 1491 patrui

456 1478 617 1536 nulla
654 1478 886 1536 mentio·
971 1478 1036 1537 Si
1091 1497 1341 1550 severus,
1397 1497 1500 1536 cur
1553 1498 1666 1536 non
1723 1477 1785 1537 in
1830 1479 2084 1537 omnes?
2119 1478 2170 1535 si
2215 1478 2438 1537 miseri·

354 1561 423 1615 15
458 1575 604 1626 cors,
659 1576 762 1613 cur
815 1576 931 1616 non
985 1556 1046 1615 in
1099 1558 1271 1615 suos?
1354 1557 1472 1615 Sed
1523 1557 1725 1616 omitto
1776 1566 2027 1615 caeteros,
2135 1556 2437 1617 Licinium

457 1634 849 1705 Denticulam,
893 1635 967 1693 de
1016 1636 1141 1693 alea
1189 1636 1654 1707 condemnatum,
1703 1635 2040 1694 collusorem
2088 1654 2281 1708 suum,
2326 1656 2438 1694 res-

457 1713 643 1771 tituit:
685 1713 849 1788 quasi
877 1712 1011 1772 vero
1039 1714 1239 1772 ludere
1268 1733 1403 1772 cum
1450 1716 1831 1775 condemnato
1875 1735 1989 1772 non
2033 1705 2278 1773 liceret:
2336 1716 2437 1773 sed

458 1802 541 1862 ut,
609 1793 759 1867 quod
826 1792 886 1850 in
954 1793 1082 1851 alea
1133 1793 1482 1868 perdiderat,
1537 1793 1821 1853 beneficio
1869 1794 2016 1871 legis
2082 1794 2462 1859 dissolveret,

455 1870 657 1932 Quam
702 1871 939 1930 attulisti
987 1871 1265 1930 rationem
1313 1872 1521 1963 populo
1567 1873 1854 1944 Roman0,
1884 1892 1987 1931 cur
2029 1891 2165 1930 eum
2210 1873 2436 1944 restitui

350 1956 424 2009 20
457 1952 783 2027 oporteret?
827 1951 1120 2009 absentem
1167 1952 1396 2029 (credo)
1449 1951 1509 2009 in
1555 1971 1681 2010 reos
1727 1951 2001 2016 relatum;
2044 1971 2167 2009 rem
2214 1951 2437 2010 indicta

460 2029 639 2087 causa
692 2029 1049 2106 judicatam3
1117 2030 1341 2088 nullum
1397 2030 1572 2088 fuisse
1626 2031 1699 2088 de
1755 2031 1880 2088 alea
1934 2031 2062 2108 lege
2110 2031 2433 2107 judicium:

459 2108 515 2167 vi
541 2128 890 2186 oppressum,
937 2118 995 2167 et
1039 2108 1243 2178 armis3
1284 2111 1592 2185 postremo,
1624 2110 1801 2187 (quod
1849 2109 1921 2168 de
1965 2119 2170 2187 patruo
2212 2119 2316 2167 tuo
2357 2110 2439 2166 di-

460 2189 726 2262 cebatur)
770 2187 1018 2265 pecunia
1064 2185 1352 2263 judicium
1396 2207 1523 2246 esse
1577 2198 1921 2264 corruptum.
2002 2187 2167 2245 Nihil
2213 2188 2433 2246 horum.

464 2269 544 2325 At
596 2267 679 2326 vir
733 2266 934 2338 bonus,
989 2276 1051 2326 et.
1098 2265 1397 2342 republica
1444 2266 1670 2344 dignus.
1771 2266 1936 2331 Nihil
1980 2267 2040 2324 id
2081 2266 2320 2343 quidem
2367 2268 2438 2324 ad

353 2354 426 2408 25
460 2366 618 2404 rem:
687 2358 795 2422 ego
848 2355 1059 2417 tamen,
1113 2345 1383 2421 quoniam
1437 2346 1881 2403 condemnatum
1921 2365 2045 2404 esse
2097 2364 2205 2421 pro
2258 2345 2439 2405 nihilo

459 2435 565 2495 est,
594 2424 643 2481 si
688 2424 768 2482 ita
813 2434 983 2496 esset,
1033 2424 1410 2501 ignoscerem.
1496 2423 1808 2482 Hominem
1854 2444 2007 2497 vem,
2034 2424 2297 2482 omnium
2340 2445 2439 2483 ne-

459 2503 818 2578 quissimum,
847 2503 946 2578 qui
972 2520 1088 2562 non
1132 2502 1420 2561 dubitaret
1461 2503 1551 2560 vel
1596 2502 1655 2560 in
1704 2504 1825 2562 foro
1868 2503 1992 2561 alea
2034 2504 2256 2576 ludere,
2285 2505 2436 2581 lege,

458 2600 585 2656 quae
612 2592 700 2639 est
726 2582 798 2639 de
828 2582 974 2655 alei,
1003 2582 1468 2652 condemnatum,
1497 2581 1595 2658 qui
1639 2582 1699 2639 in
1741 2583 2028 2659 integrum
2073 2584 2347 2656 restituit,
2389 2582 2438 2640 is

455 2680 572 2718 non
602 2660 957 2736 apertissime
987 2661 1240 2718 studium
1268 2679 1437 2717 suum
1466 2661 1587 2736 ipse
1613 2661 1945 2736 profitetur?
2067 2719 2070 2723 ,

352 2744 425 2814 30
536 2738 608 2796 In
636 2740 837 2797 eodem
884 2738 1019 2797 vero
1048 2739 1366 2810 tribunatu,
1410 2759 1546 2797 cum
1575 2740 1793 2811 Caesar,
1824 2739 1882 2809 in
1927 2738 2273 2816 Hispaniam
2311 2760 2439 2816 pro-

458 2817 744 2889 ficiscens,
792 2818 932 2876 huic
976 2818 1432 2876 conculcandam
1475 2817 1705 2875 Italiam
1752 2786 2115 2888 tiadidisset3
2159 2838 2287 2894 quae
2332 2818 2439 2877 fuit

457 2897 581 2974 ejus
605 2897 930 2975 peragratio
957 2896 1267 2955 itinerum?
1308 2895 1571 2955 lustratio
1597 2897 2079 2973 municipiorum?
2162 2898 2305 2956 Scio
2313 2916 2439 2976 me

458 2976 519 3034 in
563 2978 745 3034 rebus
797 2975 1265 3035 celebratissimis
1318 2994 1579 3033 sermone
1631 2975 1888 3033 omnium
1942 2975 2176 3048 versari,
2234 2995 2439 3067 eaque,
2530 3018 2538 3025 .

458 3075 585 3132 quae
639 3057 791 3127 dico,
845 3057 1219 3130 dicturusque
1273 3072 1421 3125 sum,
1476 3053 1697 3111 notiora
1736 3055 2002 3111 omnibus
2054 3074 2181 3112 esse
2235 3055 2338 3131 qui
2378 3055 2440 3113 in
2497 3062 2508 3069 ’

354 3142 426 3197 35
460 3135 631 3192 Italia
683 3146 804 3192 tum
853 3133 1034 3205 fuere,
1079 3131 1251 3208 quam
1292 3133 1453 3204 mihi,
1495 3132 1592 3208 qui
1633 3151 1747 3189 non
1785 3132 1889 3190 sui.
1971 3132 2205 3192 Notabo
2245 3145 2441 3191 tamen

458 3213 714 3289 singulas
741 3232 869 3270 res:
911 3212 1018 3269 etsi
1060 3212 1218 3269 nullo
1244 3212 1414 3268 modo
1453 3210 1658 3288 poterit
1702 3210 1884 3269 oratio
1929 3230 2061 3270 mea
2103 3213 2442 3270 satisfacere

459 3302 659 3350 vestrae
714 3289 986 3348 scientiae.
1071 3290 1303 3347 Etenim
1360 3290 1509 3363 quod
1564 3309 1818 3365 unquam
1873 3291 1946 3348 in
1988 3291 2156 3349 terris
2209 3301 2442 3349 tantum

459 3370 740 3447 flagitium
796 3369 1079 3427 exstitisse
1135 3369 1395 3425 auditum
1449 3379 1575 3426 est.
1555 3370 1579 3411 ’θ
1644 3367 1894 3446 [tantam
1946 3369 2368 3447 turpitudinem
2386 3371 2454 3451 i]

459 3460 682 3507 tantum
713 3447 1011 3505 dedecus?

358 3532 429 3585 40
541 3527 772 3587 XXIV.
841 3526 1176 3584 Vehebatur
1239 3525 1297 3583 in
1354 3525 1558 3583 essedo
1608 3526 1872 3584 tribunus
1923 3527 2140 3603 plebis:
2206 3526 2448 3586 lictores

461 3606 703 3664 laureati
735 3606 1184 3663 antecedebant:
1228 3605 1377 3661 inter
1404 3624 1565 3679 quoS,
1597 3606 1788 3680 aperta
1836 3606 2069 3676 lectica,
2098 3606 2280 3663 mima
2318 3626 2448 3682 por-

461 3685 725 3750 tabatur;
795 3701 966 3755 quarn
1021 3702 1090 3738 ex
1142 3683 1365 3756 oppidis
1418 3683 1817 3757 municipaleS,
1876 3685 2136 3742 homines
2191 3685 2446 3758 honesti,

460 3757 688 3813 obviam
715 3758 1044 3814 necessario
1087 3760 1451 3833 prodeunteS,
1502 3778 1614 3816 non
1659 3770 1792 3817 noto
1839 3761 1935 3818 illo
1977 3771 2035 3818 et
2064 3762 2303 3819 mimico
2346 3782 2450 3821 no-

462 3833 636 3900 mine,
686 3835 786 3888 sed
833 3835 1223 3902 Volumniam,
1285 3837 1736 3893 consalutabant.
1842 3839 2204 3912 Sequebatur
2262 3842 2451 3899 rheda

360 3910 430 3961 45
465 3925 599 3962 cum
623 3877 961 3978 lenonibus;
1005 3911 1244 3967 comites
1284 3913 1653 4002 nequissimi·
1695 3912 1916 4007 reJecta
1960 3927 2147 3992 mater
2189 3919 2447 3996 amicam

1102 4182 1141 4198 -
1210 4124 1233 4198 5
