2667 4242
752 320 1026 370 omno
1069 318 1144 369 m
1189 319 1264 369 Μ.
1310 318 1715 370 ANTONIUM.
2202 321 2317 380 143

226 463 369 525 letis
385 484 400 535 ;
456 471 583 521 tum
639 461 747 521 iste
802 463 1098 522 venditum
1155 473 1329 538 atque
1386 462 1812 539 emancipatum
1864 462 2221 521 tribunatum

231 542 497 607 consiliis
516 542 726 600 ‘vestris
750 542 1041 619 opposuit;
1084 543 1454 618 cervicesque
1481 561 1614 601 suas
1641 541 1695 599 ei
1737 542 1982 617 subjecit
2008 541 2219 613 securi,

232 623 357 700 qua
384 621 551 679 multi
578 620 896 679 minoribus
939 621 1001 679 in
1039 622 1299 697 peccatis
1336 622 1695 680 occiderunt.
1781 621 1851 678 In
1906 632 1964 679 te
2006 630 2219 691 autem,

236 702 328 759 M.
363 700 601 771 Antoni,
644 700 703 757 id
744 700 998 759 decrevit
1039 710 1273 759 senatus
1302 698 1389 777 (et
1434 700 1667 775 quidem
1715 699 2042 771 incolumis,
2080 720 2222 758 non-

237 782 385 838 dum
413 788 495 838 tot
537 778 851 836 luminibus
878 779 1225 858 exstinctis),
1269 780 1419 854 quod
1467 779 1526 835 in
1563 780 1783 839 hostem
1825 788 2082 855 togatum
2123 779 2221 837 de-
2282 782 2319 835 5

238 859 405 918 cerni
449 867 537 919 est
575 857 804 915 solitum
846 877 1003 916 more
1042 856 1340 934 majorum.
1422 857 1502 914 Et
1527 867 1591 914 tu
1638 857 1788 934 apud
1829 857 2029 919 Patres
2068 857 2223 916 Con-

238 937 491 1014 scriptos
515 945 716 995 contra
754 955 848 996 me
887 936 1083 994 dicere
1125 956 1298 994 ausus
1337 956 1420 1007 es,
1463 933 1598 994 cum
1637 937 1847 994 abhoc
1872 936 2076 994 ordine
2113 955 2224 1013 ego

240 1025 611 1076 conservator
652 1034 857 1085 essem,
899 1024 962 1072 tu
1002 1015 1199 1087 hostis,
1252 1015 1584 1091 reipublicae
1619 1014 1955 1091 judic‘atus'l
2051 1014 2224 1073 Com-

240 1093 596 1153 memoratio·
624 1093 778 1151 illius
816 1093 902 1151 tui
942 1091 1177 1152 sceleris
1233 1094 1560 1151 intermissa
1613 1102 1719 1164 est,
1773 1113 1888 1151 non
1948 1094 2223 1152 memoria

242 1174 457 1232 deleta.
539 1172 696 1229 Dum
724 1191 909 1250 genus
953 1173 1270 1244 hominum,
1299 1173 1437 1229 dum
1479 1171 1671 1248 populi
1718 1171 1972 1230 Romani
2013 1191 2221 1231 nomen
2253 1172 2322 1225 10

241 1252 496 1310 exstabit
525 1248 703 1327 (quod
733 1251 965 1326 quidem
991 1251 1119 1322 erit,
1164 1252 1214 1309 si
1259 1271 1360 1328 per
1404 1260 1460 1308 te
1487 1250 1740 1322 licuerit,
1764 1250 2219 1331 sempiternum),

242 1340 352 1388 tua
380 1330 479 1387 illa
502 1329 771 1405 pestifera
799 1330 1135 1388 intercessio
1161 1329 1566 1388 nominabitur.

327 1408 496 1470 Quid
522 1407 730 1485 cupide
762 1426 796 1466 a
822 1418 1045 1480 senatu,
1089 1409 1228 1485 quid
1268 1408 1487 1466 temere
1535 1408 1727 1479 fiebat,
1757 1405 1893 1466 cum
1929 1417 2012 1480 tu,
2054 1427 2224 1480 unus,

246 1487 605 1558 adolescens,
635 1487 965 1545 universum
993 1489 1253 1545 ordinem
1287 1487 1601 1549 decernere
1648 1487 1721 1545 de
1748 1486 1932 1547 salute
1960 1472 2227 1563 reipubli-

246 1586 337 1625 cae
381 1566 760 1643 prohibuisti?
803 1586 991 1642 neque
1032 1566 1093 1624 id
1141 1566 1340 1637 semel,
1384 1567 1486 1624 sed
1532 1565 1738 1643 saepius
1761 1586 1786 1631 ε,
1816 1585 2003 1642 neque
2042 1577 2107 1623 tu
2147 1576 2227 1625 te-
2255 1561 2325 1621 15

246 1664 390 1704 cum
432 1645 504 1702 de
563 1644 797 1703 senatus
853 1646 1193 1704 auctoritate
1250 1645 1343 1723 agi
1403 1663 1604 1722 passus
1663 1666 1741 1703 es.
1823 1644 1990 1707 Quid
2033 1655 2225 1703 autem

247 1725 551 1801 agebatur,
604 1723 717 1782 nisi
763 1744 837 1782 ne
877 1725 1071 1783 delere
1112 1734 1170 1782 et
1211 1734 1469 1782 evertere
1511 1724 1926 1801 rempublicam
1969 1724 2228 1783 funditus

246 1803 448 1873 velles,
477 1799 611 1862 cum
638 1813 696 1861 te
722 1821 910 1879 neque
952 1804 1242 1880 principes
1288 1802 1537 1862 civitatis
1582 1803 1856 1881 rogando,
1883 1821 2072 1878 neque
2109 1822 2228 1860 ma·-

240 1880 402 1963 jores
442 1891 580 1942 natu
639 1883 944 1954 monendo,
1001 1902 1189 1958 neque
1252 1882 1520 1958 frequens
1579 1894 1813 1940 senatus
1870 1883 2111 1958 agend0,
2155 1882 2229 1939 de

246 1960 487 2018 vendita
529 1970 699 2035 atque
760 1961 992 2019 addicta
1048 1962 1333 2020 sententia
1391 1963 1693 2020 demovere
1750 1961 1971 2038 potuit?
2068 1959 2228 2017 Tum
2255 1962 2330 2023 m

249 2039 417 2110 illud,
447 2039 640 2096 multis
684 2040 857 2097 rebus
899 2038 1032 2098 ante
1075 2041 1328 2113 tentatiS‚
1373 2038 1703 2098 necessario
1750 2039 1855 2097 tibi
1898 2039 2104 2099 vulnus
2144 2038 2230 2096 iu-

248 2117 496 2188 flictum,
525 2117 676 2192 quod
715 2120 918 2195 paucis
959 2130 1092 2177 ante
1131 2131 1227 2179 te:
1270 2138 1511 2194 quorum
1541 2118 1845 2176 incolumis
1887 2117 2000 2177 fuit
2038 2136 2225 2175 nemo.

249 2196 414 2254 Tum
455 2207 657 2255 contra
695 2207 752 2255 te
793 2198 953 2256 dedit
993 2217 1153 2257 arma
1192 2199 1292 2256 hic
1330 2199 1471 2256 ordo
1512 2196 1842 2255 consulibus
1883 2195 2232 2271 reliquisque

248 2275 508 2351 imperiis
534 2286 593 2333 et
616 2277 991 2351 potestatibus
1008 2297 1023 2348 3
1066 2296 1192 2354 quae
1219 2297 1334 2335 non
1376 2275 1695 2354 effugisses',
1738 2274 1849 2333 nisi
1876 2285 1934 2333 te
1964 2276 2037 2332 ad
2070 2292 2230 2333 arma

249 2354 505 2415 Caesaris
532 2354 886 2414 contulisses.
2254 2350 2326 2407 Q

331 2432 541 2492 XXII.
610 2432 731 2504 Tu,
759 2443 842 2505 tu,
873 2434 1127 2510 inquam,
1176 2434 1260 2491 M.
1293 2433 1533 2504 Antoni,
1576 2432 1844 2510 princeps
1886 2432 1956 2491 Ο.
1986 2431 2226 2504 Caesari,

247 2511 449 2571 omnia
472 2513 807 2588 perturbare
835 2513 1110 2589 cupienti,
1159 2532 1396 2571 causam
1426 2513 1561 2571 belli
1589 2523 1789 2570 contra
1814 2512 2056 2592 patriam
2085 2511 2232 2570 infe·-¹

249 2590 419 2649 rendi
449 2590 674 2649 dedisti.
754 2591 921 2654 Quid
948 2593 1103 2650 enim
1154 2592 1308 2649 aliud
1341 2593 1435 2650 ille
1463 2592 1734 2649 dicebat?
1777 2611 1948 2667 quam
1991 2610 2227 2650 causam

249 2669 669 2727 dementissimi
697 2670 787 2727 sui
828 2671 1051 2728 consilii
1094 2681 1153 2728 et
1196 2671 1333 2728 facti
1383 2671 1676 2742 afferebat,
1724 2671 1834 2731 nisi
1866 2670 2020 2747 quod
2058 2671 2234 2728 inter-

250 2748 444 2806 cessio
468 2748 753 2826 neglecta,
777 2748 870 2824 jus
909 2749 1283 2807 tribunicium
1330 2750 1639 2822 sublatum,
1687 2750 2155 2826 circumscriptus
2196 2769 2230 2807 a
2255 2757 2328 2811 30

248 2838 459 2885 senatu
500 2836 651 2884 esset
705 2828 1032 2886 Antonius?
1133 2828 1376 2899 Omitto,
1430 2826 1604 2903 quam
1657 2828 1783 2886 haec-
1838 2830 2000 2900 falsa,
2056 2828 2243 2903 quam·

250 2904 436 2974 levia3
496 2906 809 2981 praesertim
863 2904 996 2964 cum
1050 2907 1285 2965 omnino
1335 2908 1497 2965 nulla
1553 2927 1729 2965 causa
1763 2909 1918 2983 justa
1960 2907 2230 2997 cuiquam

249 2986 391 3043 esse
423 2983 601 3059 possit
653 2996 854 3042 contra
903 2985 1147 3062 patriam
1202 3005 1362 3043 arma
1414 2986 1698 3062 capiendi.
1808 2986 1925 3044 Sed
1974 2984 2231 3043 nih1l.de

250 3062 527 3120 Coesare:
569 3062 675 3120 tibi
712 3063 869 3121 certe
918 3063 1308 3122 confitendum
1350 3075 1456 3136 est,
1486 3082 1722 3122 causam
1764 3061 2231 3138 perniciosissimi

250 3140 392 3200 belli
421 3140 480 3198 in
509 3142 753 3217 persona
780 3141 882 3199 tua
909 3143 1247 3201 constitisse.
1329 3143 1387 3200 O
1416 3144 1688 3200 miserum
1725 3151 1802 3212 te,
1846 3141 1894 3198 si
1924 3140 2228 3216 intelligis!
2259 3145 2330 3199 35

251 3219 631 3291 miseriorem,
679 3221 728 3277 si
774 3241 889 3279 non
933 3222 1225 3298 intelligis,
1273 3223 1382 3280 hoc
1425 3221 1605 3279 literis
1645 3220 1926 3293 mandari,
1964 3221 2074 3279 hoc
2114 3238 2235 3276 me-

250 3298 450 3357 moriae
477 3299 659 3375 prodi,
689 3299 858 3375 hujus
904 3299 988 3358 rei
1031 3319 1105 3358 ne
1147 3301 1534 3377 posteritatem
1578 3300 1809 3375 quidem
1837 3301 2091 3359 omnium
2134 3317 2236 3355 sae-

251 3377 518 3435 culorum
547 3396 799 3453 unquam
829 3379 1217 3437 immemorem
1248 3380 1387 3450 fore,-
1418 3379 1682 3436 consules
1724 3400 1793 3438 ex
1837 3379 2006 3436 Italia
2036 3396 2236 3435 excus-

250 3464 366 3527 sos,
397 3474 648 3531 cumque
690 3457 781 3514 his
808 3455 917 3515 Cn.
964 3458 1319 3534 Pompeium,
1349 3458 1446 3533 qui
1478 3458 1699 3534 imperii
1746 3458 1935 3535 populi
1977 3454 2232 3514 Romani

249 3534 437 3593 decus
465 3553 536 3592 ac
564 3534 759 3594 lumen
788 3536 930 3607 fuit3
973 3555 1173 3595 omnes
1201 3537 1551 3608 consulares,
1580 3537 1676 3611 qui
1718 3557 1818 3613 per
1846 3536 2232 3593 valetudinem
2262 3541 2335 3596 40

249 3614 489 3689 exsequi
520 3613 746 3671 cladem
787 3616 945 3672 illam
987 3616 1295 3692 fugamque
1334 3616 1681 3692 potuissent3
1723 3626 2008 3691 praetores,
2037 3623 2235 3691 praeto-

247 3694 387 3763 rios,
417 3692 681 3751 tribunos
706 3694 908 3769 plebis,
939 3713 1210 3770 magnam
1255 3705 1475 3771 partem
1516 3693 1776 3764 senatsiS,
1806 3713 2034 3751 omnem
2075 3693 2235 3751 sobo-

246 3772 365 3830 lem
389 3770 729 3846 juventutis‚
773 3791 1002 3847 unoque
1030 3774 1220 3846 verbo,
1265 3772 1681 3849 rempublicam
1722 3771 2012 3848 expulsam
2062 3783 2233 3848 atque

246 3848 695 3925 exterminatam
723 3851 842 3925 suis
868 3852 1132 3925 sedibus!
1202 3890 1212 3899 -
