2667 4242
346 297 427 359 74
532 244 543 289 s
788 342 803 353 ,
969 290 1242 341 ORATIO
1288 289 1427 338 PRO
1471 289 1538 348 Q.
1583 286 1892 338 LIGAmo

450 416 591 509 bito,
698 435 712 448 “
797 432 1119 493 admiratus
1163 433 1261 504 sis,
1302 432 1393 492 vel
1445 430 1598 508 quod
1642 432 1715 489 de
1753 431 1913 490 nullo
1953 429 2066 489 alio
2104 429 2438 513 quisquam,

40 536 41 539 ’
451 515 539 573 vel
588 454 757 590 qv
786 514 836 572 is
879 513 976 590 qui
1028 514 1086 570 in
1133 512 1340 570 eadem
1381 512 1559 570 causa
1603 510 1820 580 fuisset,
1848 510 1937 568 vel
1979 510 2260 585 quidnam
2303 511 2433 568 novi

40 630 41 633 =
452 593 724 655 facinoris
751 593 993 650 afferret.
1078 592 1285 649 Scelus
1324 602 1388 648 tu
1417 590 1557 648 illud
1586 609 1775 661 vocas»,
1804 588 2085 647 Tubero?
2130 589 2281 646 cur?
2326 589 2436 646 isto

452 673 609 730 enim
650 671 880 731 nomine
922 672 1020 728 illa
1062 671 1254 727 adhuc
1294 688 1474 728 causa
1512 669 1716 726 caruit.
1800 668 1923 726 Alii
1963 687 2216 745 errorem
2248 668 2437 743 appel-

380 753 419 806 5
452 750 575 809 lant
588 771 604 822 ;
648 751 767 821 alii,
808 750 1106 819 timorem3
1162 749 1261 824 qui
1301 746 1522 818 duritie,
1563 766 1744 823 spem,
1786 746 2183 824 cupiditatem,
2211 747 2435 817 odium,

450 829 866 909 pertinaciam3
907 829 1006 902 qui
1033 826 1393 905 gravissime,
1421 827 1836 884 temeritatem:
1878 825 2090 896 scelus,
2118 836 2327 901 praeter
2355 834 2434 896 te,

454 908 646 965 adbuc
672 925 856 965 nemo.
866 928 909 973 ,s
938 908 1034 965 Ac
1062 906 1204 964 mihi
1231 906 1485 981 quidem,
1512 905 1561 963 si
1587 905 1875 983 proprium
1903 914 1961 962 et
1989 920 2187 961 verum
2221 923 2431 961 nomen

452 986 631 1043 nostri
684 986 821 1044 mali
874 996 1181 1060 quaeratur,
1236 985 1427 1044 fatalis
1467 984 1740 1060 ‘quaedam
1794 983 2095 1041 calamitas
2156 982 2435 1040 incidisse

454 1064 697 1136 videtur,
756 1074 816 1123 et
875 1065 1217 1141 improvidas
1275 1063 1571 1122 hominum
1624 1073 1846 1120 mentes
1896 1062 2315 1137 occupavisse;
2372 1071 2436 1119 ut

352 1147 422 1200 10
456 1161 626 1202 nemo
663 1143 859 1202 mirari
899 1144 1126 1215 debeat,
1156 1143 1411 1201 humana
1437 1140 1678 1201 consilia
1705 1141 1900 1221 divina
1927 1141 2279 1199 necessitate
2307 1160 2435 1198 esse

456 1234 736 1298 superata.
1509 1236 1518 1243 ·

536 1300 740 1359 Liceat
765 1320 891 1359 esse
918 1301 1187 1358 miseros:
1230 1317 1579 1375 quanquam,
1607 1299 1719 1358 hoc
1746 1298 1979 1370 victore,
2009 1318 2136 1356 esse
2166 1318 2281 1356 non
2310 1318 2436 1375 pos-

457 1398 671 1437 sumne.
755 1380 872 1437 Sed
911 1400 1027 1438 non
1066 1380 1263 1455 loquor
1303 1378 1379 1437 de
1418 1378 1620 1436 nobis:
1663 1378 1735 1435 de
1764 1379 1877 1435 illis
1903 1378 2119 1452 loquor,
2149 1378 2249 1452 qui
2279 1378 2434 1435 occi-

457 1459 680 1515 derunt.
767 1458 1010 1516 Fuerint
1062 1458 1279 1534 cupidi,
1335 1457 1548 1515 fuerint
1601 1457 1752 1528 irati,
1801 1457 2012 1519 suerint
2063 1457 2430 1532 pertinaces:

355 1542 422 1595 15
456 1536 692 1595 sceleris
730 1536 866 1593 vero
909 1537 1171 1608 crimine,
1202 1536 1427 1607 furoris,
1453 1535 1770 1612 parricidii,
1798 1535 1973 1593 liceat
2012 1534 2124 1593 Cn.
2155 1535 2432 1612 Pompeio

455 1626 697 1685 mortuo,
739 1615 913 1672 liceat
950 1615 1146 1673 multis
1187 1615 1335 1686 aliis,
1378 1633 1593 1673 carere.
1675 1615 1933 1676 Quando
1973 1615 2083 1672 hoc
2124 1611 2442 1689 quisquam

455 1714 527 1753 ex
565 1702 643 1764 te,
685 1694 900 1765 Caesar,
943 1693 1202 1752 audivit?
1253 1704 1352 1752 aut
1390 1704 1507 1752 tua·
1530 1693 1668 1769 quid
1710 1693 1867 1751 aliud
1909 1711 2067 1750 arma
2106 1693 2432 1765 voluerunt,

455 1773 566 1831 nisi
610 1791 646 1829 a
684 1783 741 1830 te
782 1774 1188 1831 contumeliam
1241 1772 1609 1851 propulsare?
1670 1772 1809 1848 quid
1849 1772 1968 1851 egit
2019 1781 2152 1829 tuus
2209 1772 2308 1830 ille
2349 1772 2430 1830 in·

455 1850 642 1909 victus
701 1851 1005 1922 exercituS,
1061 1853 1173 1913 nisi
1232 1863 1327 1911 ut.
1356 1870 1525 1921 suum
1578 1850 1673 1927 jus
1730 1862 2005 1923 tueretur,
2037 1843 2124 1909 *et
2184 1851 2431 1928 dignita·

350 1940 422 1994 m
456 1940 572 1988 tem
624 1931 828 1988 tuam?
892 1930 1103 1992 Quid?
1164 1942 1246 2002 tu,
1301 1930 1439 1990 cum
1494 1949 1698 2007 pacem
1758 1950 1883 1988 esse
1944 1931 2237 2007 cupiebas»,
2297 1930 2433 1987 idne

457 2009 690 2087 agebas,
733 2019 796 2067 ut
835 2009 940 2067 tibi
994 2028 1129 2067 cum
1181 2009 1496 2080 sceleratis,
1540 2028 1614 2068 an
1668 2021 1732 2067 ut
1778 2029 1912 2068 cum
1966 2009 2129 2068 bonis
2183 2008 2426 2078 civibus,

456 2088 831 2147 conveniret?
2205 2126 2208 2128 -
2287 2142 2298 2165 ,Ι

536 2167 687 2226 Mihi
728 2166 885 2239 vero,
914 2167 1129 2240 Caesar,
1158 2177 1259 2226 tua
1299 2167 1359 2225 in
1401 2187 1495 2226 me
1535 2168 1786 2225 maxima
1824 2167 2027 2235 merita
2064 2177 2228 2225 tanta
2269 2165 2428 2225 certe

456 2268 570 2305 non
599 2248 946 2318 viderentur,
975 2248 1023 2305 si
1051 2266 1163 2319 me,
1194 2258 1257 2304 ut
1283 2246 1648 2317 sceleratum,
1678 2265 1715 2303 a
1739 2258 1796 2305 te
1832 2258 2229 2305 conservatum
2268 2258 2430 2323 puta-

348 2331 421 2383 25
456 2346 595 2384 rem.
676 2326 986 2388 Quomodo
1027 2336 1218 2384 autem
1257 2336 1320 2383 tu
1361 2326 1435 2383 de
1475 2325 1771 2402 republica
1807 2324 1956 2384 bene
1986 2326 2223 2382 meritus
2250 2346 2426 2397 essee,

457 2405 506 2461 si
547 2414 629 2461 tot
668 2405 975 2462 sceleratos
1016 2405 1289 2463 incolumi
1331 2405 1612 2481 dignitate
1653 2424 1779 2462 esse
1824 2404 2141 2464 voluissesff
2226 2406 2430 2463 Seces-

457 2482 677 2540 sionem
703 2492 764 2539 tu
794 2482 949 2539 illam
977 2481 1390 2548 existimavisti.
1420 2484 1637 2554 Caesar,
1667 2483 1848 2554 initio,
1878 2503 1991 2542 non
2020 2483 2232 2541 bellum
2255 2504 2270 2554 3
2315 2504 2428 2541 non

458 2560 663 2618 hostile
713 2561 929 2631 odium,
971 2561 1073 2618 sed
1129 2560 1298 2619 civile
1353 2562 1654 2638 dissidium
1675 2582 1692 2633 ;
1753 2563 2009 2637 utrisque
2062 2562 2429 2637 cupientibus

457 2639 869 2715 rempublicam
909 2639 1143 2710 salvam,
1177 2640 1278 2697 sed
1317 2637 1524 2717 partIm
1565 2641 1839 2712 consiliiS,
1879 2641 2085 2718 partim
2126 2642 2353 2711 studiis,
2398 2661 2431 2698 a

351 2730 422 2784 30
458 2717 749 2775 communi
804 2718 1048 2775 utilitate
1109 2719 1524 2777 aberrantibus
1613 2719 1947 2795 Principum
2001 2719 2253 2795 dignitas
2308 2730 2431 2777 erat

80 2810 145 2925 θ
455 2795 602 2872 pene
645 2815 746 2871 par
766 2815 781 2866 ;
824 2815 937 2854 non
977 2817 1078 2872 par
1120 2798 1356 2857 fortasse
1397 2818 1613 2870 eorum,
1652 2798 1749 2873 qui
1791 2799 2208 2873 sequebantur:
2253 2819 2432 2856 causa

80 2890 95 2909 ⁸
458 2887 579 2931 tum
607 2875 802 2946 dubia,
831 2875 985 2950 quod
1025 2887 1149 2933 erat
1191 2877 1407 2952 aliquid
1450 2879 1507 2936 in
1551 2878 1790 2952 utraque
1817 2889 1996 2954 parte,
2025 2878 2176 2952 quod
2202 2878 2432 2953 probari

456 2964 644 3030 posset
664 2998 676 3011 .
720 2973 876 3012 nunc
903 2955 1100 3013 melior
1130 2954 1287 3013 certe
1316 2975 1389 3013 ea
1410 2955 1727 3032 judicanda
1766 2967 1871 3028 est,
1900 2975 2069 3032 quam
2111 2956 2288 3013 etiam
2333 2957 2432 3015 Dii

460 3032 814 3107 adjuverunt.
896 3033 1145 3110 Cognita
1187 3033 1319 3092 vero
1366 3035 1673 3093 clementia
1712 3035 1833 3106 tua,
1862 3035 1990 3110 quis
2015 3055 2129 3092 non
2158 3055 2290 3092 eam
2321 3037 2434 3093 vic-

352 3119 422 3171 35
454 3112 660 3169 toriam
688 3113 906 3189 probet,
937 3113 994 3170 in
1024 3113 1138 3188 qua
1165 3112 1446 3172 occiderit
1472 3132 1660 3184 nemo,
1690 3113 1800 3171 nisi
1831 3114 2125 3170 armatus?

537 3189 677 3248 VII.
748 3192 884 3262 Sed,
915 3201 978 3248 ut
1016 3192 1274 3250 omittam
1315 3210 1677 3250 communem
1722 3211 1978 3261 causam,
2021 3193 2321 3250 veniamus
2365 3194 2434 3251 ad

456 3278 724 3326 nostram.
807 3268 1014 3327 Utrum
1056 3272 1288 3328 tandem
1329 3270 1621 3329 existimas
1665 3271 1892 3329 facilius
1934 3271 2127 3342 fuisse,
2171 3271 2433 3343 Tubem,

458 3347 693 3424 Ligario
733 3347 805 3406 ex
844 3349 1050 3407 Africa
1090 3350 1265 3420 exire,
1310 3368 1384 3407 an
1425 3350 1583 3407 vobis
1624 3349 1683 3408 in
1726 3350 1990 3426 Africam
2032 3370 2144 3408 non
2186 3351 2433 3409 veniie‘!

458 3426 888 3498 Poteramusne‚
928 3428 1133 3503 inquis»,
1176 3426 1313 3485 cum
1355 3440 1587 3486 senatus
1627 3429 1989 3487 censuisset?
2056 3430 2121 3486 Si
2162 3448 2268 3487 me·
2299 3449 2437 3489 con-

355 3514 424 3567 40
459 3506 618 3576 sulis,
648 3506 806 3563 nullo
833 3508 1016 3564 mod0.
1102 3507 1218 3564 Sed
1259 3517 1454 3565 tamen
1495 3507 1794 3585 Ligarium
1836 3518 2069 3565 senatus
2100 3509 2252 3564 idem
2279 3509 2439 3587 lega-

309 3582 318 3592 ’
458 3594 631 3641 verat.
715 3584 910 3660 Atque
965 3587 1060 3643 ille
1113 3605 1183 3644 eo
1235 3596 1487 3662 tempore
1539 3588 1745 3664 paruit,
1789 3585 1924 3644 cum
1965 3606 2165 3662 parere
2206 3589 2437 3651 senatui

457 3681 697 3720 necesse
736 3674 892 3721 erat:
935 3685 1032 3722 vos
1070 3675 1191 3722 tum
1231 3666 1518 3742 paruistiS,
1562 3665 1696 3724 cum
1735 3667 1925 3761 paruit
1965 3685 2153 3736 nem0,
2197 3668 2297 3739 qui
2331 3664 2440 3727 ‘no-

458 3740 583 3796 luit.
667 3739 1054 3814 Reprehendo
1094 3743 1309 3818 igitur?
1363 3744 1600 3801 minime
1631 3764 1799 3801 vero:
1844 3764 2028 3817 neque
2070 3745 2224 3802 enim
2269 3747 2438 3809 licuit

462 3816 625 3873 aliter
666 3828 852 3876 vestro
903 3820 1121 3894 generi,
1163 3820 1403 3893 nomini,
1452 3822 1701 3894 familiae,
1743 3822 2076 3898 disciplinae.
2161 3823 2284 3880 Sed
2324 3824 2439 3884 hoc
