2667 4242
246 342 255 351 ,
355 271 440 332 ΞΒ
668 335 673 340 ,
833 270 1106 321 ORA'mo
1151 269 1248 319 111.
1297 244 1495 318 mm?
1525 268 1952 319 οΑΤιιιΝΑΜ.

465 413 902 490 aruspicumque
928 413 1231 490 responsis,
1261 432 1325 471 se
1351 431 1477 471 esse
1503 412 1736 470 tertium
1764 411 1927 469 illum
1963 409 2325 480 Cornelium,
2357 406 2444 466 ad

463 511 634 567 quem
670 511 912 569 regnum
956 493 1124 568 hujus
1168 492 1341 550 Urbis
1381 502 1550 567 atque
1591 491 1894 567 imperium
1934 489 2233 566 pervenire
2275 499 2443 545 esset
2461 506 2512 537 κ·

466 589 735 628 necesse:
778 572 1028 629 Cinnam
1060 581 1193 629 ante
1220 590 1283 628 se
1308 581 1368 628 et
1405 570 1627 627 Sullam
1658 569 1868 626 fuisse:
1912 568 2277 642 eundemque
2307 568 2416 624 dix

396 702 403 709 .
465 649 598 719 isse,
621 649 851 708 fatalem
877 651 1031 707 hunc
1058 669 1185 707 esse
1215 668 1430 706 annum
1452 649 1524 706 ad
1548 649 1843 706 interitum
1865 646 2036 722 hujus
2057 645 2230 702 Urbis
2253 656 2439 720 atque

396 728 432 780 5
467 727 709 803 imperii,
738 729 835 803 qui
864 739 1015 786 esset
1042 729 1304 803 decimus
1327 747 1512 785 annus
1531 738 1658 804 post
1676 726 1964 803 virginum
1981 724 2436 794 absolutionem,

462 816 589 882 post
628 807 899 882 Capitolii
940 819 1130 863 autem
1174 806 1567 863 incensionem
1608 805 1933 862 vicesimus.
2017 803 2192 860 Hanc
2231 813 2437 859 autem

360 916 369 925 ·
464 885 727 962 Cethego
767 904 901 943 cum
937 885 1179 969 ,cast-eris
1229 885 1675 942 *controversiam
1725 884 1899 941 fuisse
1940 880 2225 951 dixerunt,
2268 879 2436 955 quod

370 962 391 979 ”
467 962 714 1021 Lentulo
749 973 807 1021 et
851 964 998 1034 aliis,
1028 964 1247 1020 caedem
1276 963 1680 1020 Saturnalibus
1720 962 1865 1032 fieri,
1896 971 2066 1036 atque
2095 960 2313 1019 Urbem
2343 960 2437 1017 in-

466 1042 658 1113 cendi,
683 1043 974 1119 placeret;
1018 1042 1280 1118 Cethego
1307 1040 1550 1098 nimium
1581 1042 1637 1097 id
1668 1042 1900 1117 longum
1929 1040 2126 1097 videri.

365 1118 434 1173 10
544 1121 617 1178 V.
701 1123 815 1192 Ac,
838 1140 911 1179 ne
932 1121 1166 1197 longum
1187 1120 1279 1191 sit,
1299 1120 1585 1189 Quirites,
1607 1120 1847 1176 tabellas
1872 1117 2110 1194 proferri
2126 1117 2431 1193 jussimus,

424 1226 441 1235 -·
466 1218 592 1273 quae
622 1218 655 1257 a
683 1219 906 1276 quoque
935 1199 1275 1257 dicebantur
1303 1199 1468 1271 datae.
1546 1196 1805 1256 Primum
1832 1197 2186 1254 ostendimus
2215 1196 2435 1252 Cethe-

465 1278 821 1355 gosignum:
865 1279 1147 1354 cognovit.
1209 1277 1334 1334 Nos
1362 1266 1542 1333 linum
1573 1276 1914 1334 incidimus:
1957 1275 2218 1351 legimus.
2282 1274 2435 1331 Erat

466 1357 741 1432 scriptum
783 1357 959 1432 ipsius
1002 1375 1175 1433 manu
1230 1356 1607 1431 Allobrogum
1648 1355 1875 1427 senatui
1914 1363 1973 1411 et
2009 1354 2234 1429 populo,
2277 1373 2430 1424 sese,

467 1454 594 1510 quae
635 1453 830 1492 eorum
872 1435 1077 1513 legatis
1131 1434 1544 1504 confirmasset,
1586 1453 1712 1491 esse
1755 1434 2074 1491 facturum:
2135 1451 2320 1501 orare,
2364 1442 2434 1488 ut

366 1524 435 1578 15
469 1513 605 1571 item
637 1513 718 1570 illi
748 1513 1023 1583 facerent,
1053 1532 1179 1588 quae
1219 1513 1330 1569 sibi
1375 1512 1548 1589 legati
1588 1531 1786 1571 eorum
1815 1510 2181 1588 recepissent.
2266 1508 2433 1567 Tum

468 1591 783 1668 Cethegus,
803 1592 898 1666 qui
922 1591 1092 1667 paulo
1117 1589 1249 1648 ante
1276 1591 1490 1665 aliquid
1512 1592 1584 1648 de
1611 1591 1820 1667 gladiis
1848 1608 1918 1647 ac
1945 1590 2102 1660 sicis,
2124 1608 2251 1664 quae
2275 1589 2431 1665 apud

468 1670 654 1746 ipsum
682 1682 846 1727 erant
873 1671 1260 1745 deprehensae,
1289 1670 1692 1745 respondisset,
1721 1668 2090 1743 dixissetque,
2112 1688 2175 1725 se
2202 1684 2433 1744 semper

470 1750 744 1806 bonorum
806 1748 1276 1806 ferramentorum
1339 1748 1655 1805 studiosum
1713 1748 1907 1819 fuisse,
1949 1747 2205 1804 recitatis
2247 1746 2434 1813 literis

469 1828 799 1884 debilitatus
855 1839 1024 1901 atque
1081 1827 1359 1902 abjectus,
1415 1827 1771 1885 conscientia
1825 1826 2141 1897 convictus,
2189 1824 2432 1903 repente

364 1910 437 1970 210
471 1906 764 1965 conticuit.
1276 1928 1283 1934 ·
2435 1915 2440 1918 ’

548 1984 917 2043 Introductus
936 1984 1202 2042 Statilius
1223 1984 1489 2061 cognovit
1509 1983 1736 2060 signum
1754 1992 1813 2041 et
1827 2002 2062 2041 manum
2084 2002 2265 2040 suam.
2309 1982 2426 2041 Re-

469 2063 659 2121 citatae
687 2074 820 2121 sunt
847 2064 1072 2121 tabellae
1091 2064 1149 2121 in
1167 2063 1411 2121 eandem
1443 2062 1560 2120 fere
1584 2063 1961 2120 sententiam:
2005 2063 2301 2120 confessus
2323 2073 2424 2120 est.

547 2143 705 2200 Tum
744 2143 968 2201 ostendi
1010 2143 1250 2200 tabellas
1292 2142 1568 2212 Lentulo;
1611 2151 1670 2198 et
1697 2142 1950 2216 quaesivi,
1979 2153 2434 2218 cognosceretne

469 2222 713 2299 signum.
798 2222 1040 2280 Annuit.
1125 2222 1230 2278 Est
1256 2220 1413 2292 vero,
1445 2221 1699 2295 inquam,
1733 2221 1961 2297 signum
1990 2231 2207 2292 notum,
2241 2221 2436 2296 imago

362 2308 436 2362 25
471 2302 559 2358 avi
580 2302 685 2370 tui,
710 2298 1010 2357 clarissi‘r'ni
1039 2300 1164 2370 viri,
1179 2301 1285 2375 qui
1316 2300 1528 2357 amavit
1550 2299 1720 2357 unice
1742 2300 1985 2376 patriam
2007 2310 2064 2356 et
2086 2300 2241 2357 cives
2263 2319 2430 2370 suos;

468 2397 596 2452 quae
624 2378 855 2452 quidem
883 2390 941 2434 te
970 2397 1003 2435 a
1030 2379 1455 2449 tantoscelere,
1484 2379 1658 2437 etiam
1692 2389 1869 2449 muta,
1900 2398 2168 2437 revocare
2209 2378 2426 2438 debuit.

469 2456 768 2532 Leguntur
795 2456 999 2512 eadem
1023 2456 1241 2514 ratione
1265 2456 1335 2513 ad
1365 2469 1627 2515 senatum
1650 2457 2031 2534 Allobrogum⁴
2045 2458 2435 2534 populumque

460 2535 682 2592 literae:
725 2534 771 2591 si
814 2534 952 2608 quid
993 2535 1066 2591 de
1107 2535 1198 2592 his
1238 2536 1411 2593 rebus
1452 2536 1647 2593 dicere
1685 2535 1875 2606 vellet,
1919 2536 2031 2593 seci
2071 2546 2429 2613 potestatem.

470 2613 665 2687 Atque
695 2612 789 2669 ille
815 2611 998 2688 primo
1029 2613 1260 2687 quidem
1289 2616 1520 2690 negavit
1544 2634 1556 2670 :
1598 2612 1727 2689 post
1755 2624 1946 2672 autem
1977 2614 2291 2690 aliquanto,
2313 2627 2435 2674 toto
2501 2667 2504 2670 Α

362 2696 436 2751 30
462 2691 583 2768 jam
625 2691 841 2748 indicio
876 2693 1129 2768 exposito
1157 2706 1327 2767 atque
1354 2693 1527 2764 edito,
1556 2693 1832 2751 surrexit:
1875 2694 2135 2768 quaesivit
2163 2714 2197 2752 a
2221 2694 2431 2770 Quis,

469 2770 608 2847 quid
636 2770 744 2827 sibi
773 2781 924 2828 esset
951 2788 1086 2830 cum
1115 2772 1219 2829 iis:
1263 2772 1632 2846 quamobrem
1661 2773 1894 2830 domum
1920 2791 2085 2829 suam
2106 2774 2431 2843 venissent3

469 2848 738 2922 itemque
765 2867 800 2906 a
839 2850 1157 2909 Vulturcio.
1240 2850 1369 2912 Qui
1409 2849 1547 2908 cum
1590 2851 1671 2908 illi
1713 2852 1959 2909 breviter
1988 2862 2433 2926 constanterque

467 2928 908 3003 respondissent,
936 2950 1036 3005 per
1065 2949 1235 3004 quem
1265 2931 1337 2987 ad
1373 2949 1530 3002 eum,
1560 2930 1915 3004 quotiesque,
1943 2930 2251 3001 venissent,
2280 2950 2434 3005 quae-

467 3005 790 3081 sissentque
820 3008 891 3064 ab
918 3028 1005 3078 eo,
1036 3008 1256 3066 nihilne
1283 3028 1481 3067 secum
1511 3018 1663 3067 esset
1689 3010 1762 3066 de
1791 3009 1922 3067 fatis
1951 3009 2249 3085 Sibyllinis
2275 3011 2433 3067 locu-

361 3082 434 3143 35
468 3094 560 3142 tus
581 3106 596 3156 ;
639 3096 763 3144 tum
792 3087 887 3145 ille
914 3085 1126 3158 subito,
1156 3088 1376 3145 scelere
1417 3088 1675 3158 demens,
1703 3097 1921 3162 quanta
1948 3089 2317 3171 conscientiae
2346 3090 2434 3146 vis

466 3173 638 3237 esset,
666 3166 928 3223 ostendit.
1012 3165 1187 3237 Nam,
1213 3163 1349 3223 cum
1373 3167 1429 3223 id
1450 3177 1638 3242 posset
1660 3166 1927 3238 inficiari,
1950 3165 2206 3242 repente,
2228 3176 2431 3242 praeter

465 3244 791 3319 opinionem
831 3245 1106 3315 omnium,
1138 3244 1432 3303 confessus
1472 3255 1559 3302 est
1583 3265 1595 3301 ε
1639 3245 1721 3301 ita
1747 3263 1903 3316 eum,
1932 3264 2045 3302 non
2075 3244 2244 3302 modo
2274 3245 2434 3321 inge-

342 3378 349 3384 ,
424 3337 430 3342 ’
467 3323 629 3381 nium
659 3322 819 3391 illud,
847 3331 905 3378 et
933 3323 1163 3380 dicendi
1193 3323 1547 3392 exercitati0‚
1579 3322 1693 3397 qua
1721 3323 1943 3399 semper
1971 3323 2169 3393 valuit,
2199 3324 2300 3380 sed
2330 3325 2436 3382 eti-

469 3420 581 3471 am,
622 3409 847 3478 propter
886 3401 999 3477 qim
1041 3401 1276 3459 sceleris
1317 3402 1605 3459 manifesti
1651 3412 1821 3476 atque
1863 3402 2222 3485 deprehensi,
2254 3402 2434 3480 impu-

358 3479 433 3540 ,40
468 3481 683 3550 dentia‚
714 3479 827 3553 qua
854 3482 1158 3555 superabat
1183 3478 1403 3549 omneS,
1435 3481 1896 3555 improbitasque,
1926 3481 2154 3538 defecit.

548 3557 888 3616 Vulturcius
927 3558 1060 3616 vero
1099 3559 1290 3615 subito
1321 3560 1556 3633 proferri
1587 3560 1781 3616 literas
1812 3572 1981 3641 atque
2011 3561 2216 3635 aperiri
2234 3561 2432 3635 jussit,

468 3656 611 3710 quas
639 3637 747 3693 sibi
779 3656 812 3692 a
841 3636 1088 3694 Lentulo
1117 3638 1189 3693 ad
1218 3638 1532 3694 Catilinam
1556 3638 1719 3694 datas
1748 3658 1874 3695 esse
1903 3639 2150 3696 dicebat.
2237 3641 2434 3714 Atque

469 3713 551 3770 ibi
591 3714 1090 3775 vehementissime
1134 3714 1497 3788 perturbatus
1540 3715 1839 3785 Lentulus,
1869 3728 2062 3775 tamen
2104 3728 2162 3774 et
2201 3719 2430 3792 signum

470 3808 641 3846 suum
661 3799 718 3846 et
739 3808 971 3847 manum
996 3790 1353 3904 cognovit}
1365 3791 1546 3848 Erant
1566 3804 1756 3850 autem
1779 3794 2005 3870 scriptae
2034 3796 2157 3852 sine
2180 3788 2434 3869 nomine}
