2667 4242
720 260 999 350 baA'rro
1042 300 1099 351 1.‘
1130 301 1206 352 m
1252 301 1311 350 L.
1349 300 1776 354 crimmum.
2262 310 2340 371 13

272 464 419 504 mers
459 445 779 582 moribus&
821 456 881 502 et
908 456 1101 504 tamen
1131 446 1365 513 faciam,
1415 459 1483 505 ut
1522 447 1833 525 intelligas,
1880 449 2020 527 quid
2062 450 2123 508 hi
2163 450 2239 510 de

272 537 331 583 te
372 524 642 583 sentiant.
779 524 1023 602 gredere
1064 546 1137 584 ex
1182 527 1345 598 urbe,
1374 526 1665 584 Catilina:
1707 527 1890 586 libera
1929 529 2242 606 rempubli-

271 623 404 661 cam
428 615 623 662 metue
670 603 727 661 in
758 603 1023 663 exsilium
1058 604 1135 680 (si
1164 606 1318 662 hanc
1361 623 1560 663 vocem
1602 610 1934 688 exspectas)
1978 608 2239 685 proficis-

196 696 204 705 “
270 702 427 740 cere.
507 683 674 746 Quid
701 694 810 755 est,
833 683 1130 742 Catilina?
1159 685 1374 760 ecquid
1422 685 1692 759 atthis,
1741 687 1955 763 ecquid
1978 686 2240 745 animad-

273 763 447 820 vertis
465 763 664 822 horum
689 763 1029 821 silentium'l
1148 764 1437 833 stiuntur3
1468 774 1681 821 tacent.
1748 765 1914 827 Quid
1936 776 2242 842 exspectas
2298 777 2337 832 5

184 874 187 877 ·
273 842 677 903 auctoritatem
700 841 1059 919 loquentium
1112 862 1357 920 quorum
1387 843 1738 902 voluntatem
1777 845 2084 904 tacitorum
2113 864 2240 924 per·

344 920 451 978 icis
471 922 496 978 'l
974 968 979 972 .
1332 958 1340 961 -

270 940 457 1070 SpAt,
486 999 536 1057 si
565 1000 674 1057 hoc
702 1000 856 1058 idem
884 1000 1024 1059 huic
1052 1000 1411 1059 adolescenti
1431 1000 1675 1076 optimo,
1704 1001 1768 1060 P.
1801 1001 2021 1074 Sextio,
2049 1002 2100 1062 si
2129 1002 2239 1061 for-

270 1078 497 1136 tissime
525 1079 665 1150 viro,
697 1078 780 1135 M.
813 1078 1115 1151 Marcello,
1144 1081 1457 1150 dixissem3
1496 1079 1616 1156 jam
1659 1081 1802 1139 mihi
1843 1083 2089 1155 consuli,
2120 1082 2235 1141 hoc

275 1158 402 1232 ipso
430 1158 490 1215 in
519 1159 752 1233 temple,
778 1158 906 1234 jure
932 1159 1168 1235 optime,
1198 1169 1434 1217 senatus
1462 1158 1576 1216 vim
1604 1169 1663 1217 et
1699 1178 1906 1219 manus
1933 1161 2234 1219 intulisset.
2269 1166 2338 1221 10

274 1236 371 1294 De
400 1249 456 1294 te
487 1249 701 1307 autem,
731 1237 1010 1309 Catilina,
1034 1236 1171 1295 cum
1193 1238 1521 1325 quiescqnt,
1540 1239 1819 1313 probant:
1849 1238 1984 1298 cum
2013 1241 2240 1317 patiun-

272 1326 390 1387 tur,
445 1316 803 1375 decernunt:
863 1314 999 1374 cum
1054 1326 1272 1388 tacent,
1326 1318 1586 1375 clamant
1609 1336 1628 1375 t
1688 1336 1875 1394 neque
1929 1319 1989 1376 hi
2026 1319 2235 1391 solum,

271 1412 513 1472 quorum
545 1396 647 1452 tibi
678 1395 991 1454 auctoritas
1017 1408 1107 1454 est
1138 1396 1406 1454 videlicet
1433 1415 1590 1467 cara,
1621 1397 1736 1454 vita
1787 1397 2089 1469 vilissima3
2132 1398 2236 1456 sed

271 1475 449 1531 etiam
480 1475 562 1532 illi
590 1475 815 1551 equites
843 1474 1121 1546 Romani,
1153 1475 1545 1534 honestissimi
1569 1486 1738 1551 atque
1759 1477 1960 1553 optimi
1983 1477 2108 1549 viri,
2128 1495 2238 1534 οω-

271 1554 495 1630 terique
524 1554 817 1612 fortissimi
847 1554 1024 1626 cives,
1053 1555 1152 1631 qui
1181 1555 1564 1612 circumstant
1585 1565 1872 1628 senatum,
1900 1575 2144 1632 quorum
2172 1566 2235 1614 tu
2268 1558 2338 1613 15

268 1643 332 1690 et
361 1633 738 1708 frequentiam
768 1634 982 1703 videre,
1012 1645 1071 1691 et
1110 1634 1303 1692 studia
1343 1635 1692 1711 perspicere,
1736 1645 1822 1692 et·
1846 1654 2018 1693 voces
2062 1634 2236 1711 paulo

273 1713 409 1771 ante
439 1713 733 1783 exaudire,
752 1712 1020 1789 potuisti:
1048 1731 1289 1788 quorum
1313 1732 1425 1791 ego
1443 1714 1538 1771 vix
1567 1713 1669 1770 abs
1696 1723 1754 1771 te
1775 1714 2000 1790 jamdiu
2030 1733 2242 1772 manus

274 1806 344 1848 ac
385 1793 501 1848 tela
541 1792 861 1861 'contine03
905 1793 1137 1850 eosdem
1184 1793 1354 1850 facile
1399 1793 1706 1863 adducam,
1737 1804 1800 1850 ut
1840 1803 1900 1850 te
1931 1796 2076 1866 haec,
2107 1811 2236 1869 quae

282 1870 627 1946 jampridem
671 1881 896 1928 vastare
938 1871 1156 1942 studes,
1197 1873 1642 1947 relinquentem,
1685 1890 1866 1949 usque
1920 1874 1994 1929 ad
2041 1883 2236 1949 portas

224 1961 705 2026 “J-prosequantur.
2262 1950 2337 2004 20

242 2038 261 2089 ἶ
316 2024 321 2029 ’
352 2028 463 2086 ΙΧ.
506 2029 864 2104 Quanquam
893 2027 1031 2103 quid
1058 2028 1302 2103 loquor!
1345 2039 1402 2085 te
1430 2038 1495 2087 ut
1522 2028 1642 2086 ulla
1663 2049 1755 2087 res
1782 2029 2050 2105 frangat?
2079 2039 2142 2088 tu
2172 2040 2236 2088 ut

270 2127 526 2182 unquam
569 2119 627 2165 te
678 2108 973 2183 corrigas?
1019 2116 1083 2163 tu
1125 2120 1189 2164 ut
1236 2107 1412 2164 ullam
1459 2107 1656 2183 fugam
1697 2108 2020 2167 meditere?
2062 2118 2125 2166 tu
2172 2120 2237 2168 ut

272 2187 453 2244 ullum
482 2187 748 2243 exsilium
780 2185 1040 2261 cogites?
1121 2185 1358 2243 Utinam
1387 2185 1493 2244 tibi
1519 2185 1690 2243 istam
1729 2197 1984 2244 mentem
2012 2186 2111 2244 Dii
2138 2188 2245 2265 im·-

274 2265 545 2322 mortales
574 2265 772 2322 duint!
804 2263 1028 2320 tametsi
1057 2263 1241 2335 video,
1269 2264 1340 2336 si,
1370 2265 1500 2322 mea
1528 2282 1669 2323 voce
1696 2266 2046 2341 perterrituS,
2077 2265 2159 2323 ire
2177 2268 2237 2324 in

274 2344 543 2401 exsilium
577 2344 832 2401 animum
865 2342 1176 2414 induxeri'S,
1206 2354 1424 2420 quanta
1450 2355 1762 2420 tempestas
1790 2345 2019 2402 invidiae
2048 2346 2232 2418 nobis,
2262 2347 2334 2401 25

272 2423 321 2479 si
353 2423 546 2480 minus
576 2423 634 2479 in
676 2441 929 2498 praesens
956 2433 1199 2499 tempus,
1230 2423 1452 2481 recenti
1491 2424 1768 2481 memoria
1799 2425 2081 2482 scelerum
2109 2436 2235 2484 tuo-

269 2521 419 2572 rum,
469 2513 535 2559 at.
570 2501 625 2558 in
670 2501 1080 2577 posteritatem,
1125 2502 1472 2579 impendeat.
1576 2503 1696 2561 Sed
1706 2549 1711 2554 .
1742 2515 1831 2560 est
1881 2504 2018 2561 mihi
2062 2506 2230 2577 tanti,
2313 2564 2316 2567 ,

266 2581 580 2638 dummodo
609 2581 717 2638 ista
746 2581 964 2656 privata
986 2582 1060 2638 sit
1087 2582 1408 2653 calamitae,
1437 2593 1496 2639 et
1534 2601 1567 2639 a
1594 2583 1928 2658 reipublicae
1954 2584 2233 2659 periculis

265 2661 621 2737 sejungatur.
708 2661 846 2731 Sed,
864 2669 927 2716 tu
958 2670 1019 2717 ut
1048 2660 1197 2718 vitiis
1226 2662 1340 2719 tuis
1369 2681 1785 2734 commoveare,
1810 2674 1873 2719 ut
1899 2662 2093 2739 legum
2111 2682 2232 2738 pce-

2373 1188 2520 1329 2(

264 2758 373 2797 nas
401 2741 797 2815 pertimescas,
824 2749 891 2795 ut
919 2740 1271 2814 temporibus
1297 2740 1636 2817 reipublicae
1661 2743 1973 2811 concedas,
1999 2760 2114 2800 non
2143 2755 2232 2799 est
2257 2741 2332 2795 30
2361 2792 2368 2795 ,
2431 2732 2434 2737 ’

264 2820 711 2894 postulandum:
752 2836 940 2893 neque
968 2819 1124 2875 enim
1155 2819 1204 2876 is
1231 2838 1315 2890 es,
1346 2819 1622 2891 Catilina,
1652 2831 1714 2877 ut
1741 2830 1799 2877 te
1845 2831 1943 2879 aut
1984 2821 2167 2896 pudor
2199 2840 2234 2878 a

264 2910 359 2956 tur
403 2898 644 2967 itudine,
671 2908 770 2955 aut
787 2908 975 2953 metus
1000 2897 1327 2976 apericulo,
1349 2910 1448 2956 aut
1469 2897 1614 2956 ratio
1644 2918 1677 2955 a
1693 2899 1902 2971 surore,
1923 2899 2227 2957 revocarit.

326 2918 770 3047 &numum-em,
804 2976 896 3051 (ut
924 2994 1076 3051 saepe
1099 2976 1217 3052 ja'm
1247 2977 1397 3056 dixi)
1417 2978 1814 3054 proficiscere:
1851 2984 1940 3047 ac,
1971 2977 2225 3047 si-mihi,

170 3048 173 3053 ’
266 3055 508 3114 inimico
539 3057 632 3132 (ut
660 3055 969 3133 praedicas)
989 3065 1109 3127 tuo,
1128 3054 1383 3114 conflare
1412 3057 1496 3113 vis
1524 3054 1800 3114 invidiam
1827 3076 1841 3126 ;
1873 3055 2035 3113 recta
2054 3074 2230 3130 perge

266 3136 325 3192 in
356 3136 642 3193 exsilium.
728 3135 845 3191 Vix
874 3134 1052 3191 seram
1101 3144 1396 3192 sermones
1445 3136 1764 3205 hominum,
1794 3136 1842 3192 si
1887 3136 1943 3192 id
1985 3132 2228 3190 seceris:
2257 3139 2329 3193 35

123 3240 131 3247 ·
193 3258 197 3264 .
265 3216 359 3272 vix
391 3215 594 3272 molem
628 3214 794 3271 istius
820 3212 1072 3284 invidias,
1101 3213 1150 3270 si
1181 3214 1240 3271 in
1268 3214 1533 3271 exsilium
1566 3214 1699 3271 ieris
1744 3214 1909 3289 jussu
1954 3211 2229 3283 consulis,

214 3335 219 3339 ·
264 3294 579 3352 sustinebo.
665 3293 772 3351 Sin
803 3303 996 3351 autem
1046 3292 1267 3350 servire·
1301 3311 1447 3350 meae
1489 3293 1645 3351 laudi
1689 3302 1749 3349 et
1788 3293 1984 3369 gloriae
2013 3289 2286 3361 =mavis,‘.

264 3374 543 3447 egredere
572 3392 705 3429 cum
749 3371 1073 3447 importuna
1115 3372 1528 3429 sceleratorum
1558 3390 1769 3441 manu3
1815 3369 2014 3427 confer
2056 3376 2113 3424 te
2156 3369 2229 3425 ad

270 3450 557 3509 Manlium
583 3470 598 3519 3
641 3452 872 3509 concita
896 3450 1151 3527 perditos
1180 3450 1337 3507 cives
1360 3470 1375 3519 ;
1418 3469 1657 3508 secerne
1684 3460 1742 3507 te
1771 3467 1806 3506 a
1835 3447 2037 3519 bonis3
2081 3444 2229 3505 infer

268 3524 468 3606 patriae
498 3530 707 3588 bellum
730 3549 745 3600 ;
788 3529 1013 3587 exsulta
1041 3528 1218 3604 impio
1244 3528 1569 3599 latrocinio,
1590 3541 1652 3586 ut
1680 3546 1715 3585 a
1742 3547 1834 3585 me
1863 3544 1979 3583 non
2008 3523 2227 3599 ejectus
2256 3528 2327 3585 4'0

266 3611 340 3667 ad
374 3610 607 3678 alienmz,
636 3609 736 3666 sed
766 3608 1042 3671 invitatus
1070 3606 1144 3664 ad
1173 3617 1322 3677 tuos,
1354 3606 1468 3664 isse
1496 3607 1762 3664 videaris.
2232 3619 2236 3624 “

232 3704 241 3711 ·
342 3688 699 3763 Quanquam
728 3686 866 3762 quid
894 3705 1004 3762 ego
1046 3696 1106 3743 te
1149 3685 1430 3742 invitem?
1476 3704 1510 3741 a
1555 3704 1668 3760 quo
1710 3684 1831 3759 jam
1875 3682 2056 3740 sciam
2097 3700 2264 3743 esse*

268 3766 612 3843 praemissos,
640 3765 737 3840 qui
756 3765 871 3825 ,tibi
891 3765 961 3822 ad
994 3764 1209 3821 Forum
1240 3762 1545 3821 Aurelium
1568 3764 2028 3838 praestolarentur
2047 3780 2230 3821 arma-

180 3894 188 3901 .
265 3847 312 3904 ti
330 3866 344 3915 ;
389 3845 569 3903 sciam
598 3855 828 3921 pactam
854 3854 915 3901 et
942 3840 1319 3901 constitutam
1347 3859 1474 3898 esse
1516 3859 1664 3911 cum„
1695 3840 1920 3899 Manlio
1959 3839 2148 3899 diem:
2193 3859 2230 3898 a

742 3922 785 3994 2
846 3946 855 3955 .
