2667 4242
373 302 457 364 ae
894 297 1169 349 οιιΑΤιο
1214 296 1306 347 1v.
1352 297 1425 346 m
1474 295 1536 345 L.
1582 295 2008 346 cA'mmNAM.

479 444 576 504 die
615 441 881 502 maximis
917 440 1167 519 praemiis
1208 440 1415 499 affecit.
1496 439 1535 498 J
1540 459 1632 497 am
1673 441 1783 498 hoc
1823 439 2043 499 nemini
2079 440 2323 497 dubium
2351 451 2473 512 est,

481 524 580 598 qui
620 542 719 582 reo
751 522 1092 592 custodiam,
1120 520 1407 595 quaesitori
1446 520 1907 597 gratulationem,
1939 519 2118 577 indici
2157 520 2472 595 praemium

346 600 754 671 ‘adeorevia
797 601 934 675 quid
987 601 1062 657 de
1114 600 1234 657 tota
1281 617 1344 656 re
1383 608 1442 656 et
1482 599 1660 656 causa
1707 598 1999 674 judicarit.
2084 600 2165 655 At
2207 598 2343 655 vero
2389 599 2469 655 C.

482 680 680 738 Caesar
707 679 995 755 intelligit,
1024 678 1212 755 legem
1242 678 1639 752 Semproniam
1668 696 1794 735 esse
1823 678 1895 734 de
1924 678 2144 735 civibus
2172 677 2474 734 Romanis

411 756 449 809 5
483 758 886 826 constitutam3
930 757 1029 832 qui
1058 768 1249 822 autem
1276 755 1606 831 reipublicae
1633 756 1709 813 sit
1735 756 1932 827 hostis,
1954 774 2087 814 eum
2115 756 2305 813 civem
2333 775 2473 814 esse

482 836 641 894 nullo
679 836 847 893 modo
884 855 1081 911 posse,
1067 855 1080 867 ·
1122 834 1373 910 denique
1415 833 1874 909 ipsumqlatorem
1903 834 2048 911 legis
2083 835 2472 910 Semproniae,

483 914 704 990 injussu
742 915 953 990 populi,
994 933 1193 990 poenas
1239 913 1569 989 reipublicae
1624 913 1980 989 dependisse.
2063 912 2228 970 Idem
2272 914 2474 989 ipsum

486 992 817 1064 Lentulum,
846 993 1173 1070 largitorem
1213 1001 1273 1049 et
1305 991 1628 1080 prodigum,
1657 1011 1769 1049 non
1796 1002 1978 1067 putat,
2008 1010 2142 1049 cum
2170 993 2245 1049 de
2270 993 2474 1068 perni-

324 1104 331 1109 ·
485 1071 577 1129 cie
601 1072 794 1148 populi
834 1071 1108 1142 Romani,
1137 1081 1196 1128 et
1231 1070 1407 1128 exitio
1434 1070 1604 1145 hujus
1631 1070 1808 1141 urbia,
1837 1080 1954 1127 tam
1984 1069 2194 1128 acerbe
2224 1081 2473 1145 tamque

381 1151 452 1206 10
487 1150 795 1209 crudeliter
823 1151 1109 1227 cogitarit,
1140 1149 1412 1225 appellari
1437 1167 1601 1225 posse
1628 1149 1972 1224 popularem.
2054 1142 2261 1224 Itaque
2292 1150 2476 1208 homo

486 1228 821 1287 mitissimus
849 1241 1019 1303 atque
1046 1228 1374 1286 lenissimus
1400 1247 1516 1286 non
1544 1227 1767 1284 dubitat
1795 1228 1858 1284 P.
1890 1227 2201 1285 Lentulum
2231 1229 2474 1286 aeternis

486 1308 740 1366 tenebris
766 1308 1122 1380 vinculisque
1151 1308 1459 1364 mandare:
1501 1316 1560 1364 et
1586 1306 1775 1363 sancit
1801 1307 1859 1363 in
1887 1318 2194 1401 posterum²
2212 1326 2288 1364 ne
2311 1307 2470 1381 quis,

374 1428 429 1441 -..
487 1386 658 1462 hujus
694 1385 976 1462 supplicio
1014 1385 1274 1455 levando,
1316 1404 1380 1442 se
1426 1385 1666 1460 jactare,
1709 1394 1768 1443 et
1809 1385 1867 1443 in
1915 1385 2222 1465 [pernicie]
2268 1387 2470 1461 populi

486 1464 740 1521 Romani
767 1465 1005 1540 posthac
1031 1463 1315 1539 popularis
1342 1483 1488 1534 esse,
1505 1463 1694 1540 possit.
1764 1464 2050 1541 Adjungit
2076 1464 2252 1521 etiam
2277 1465 2473 1540 publi-

384 1547 453 1601 15
488 1541 771 1601 cationem
792 1544 1087 1612 bonorum,
1107 1551 1170 1597 ut
1195 1561 1396 1600 omnes
1418 1542 1594 1598 animi
1609 1543 1904 1610 cruciatus
1931 1553 1990 1601 et
2016 1543 2265 1619 corporis
2282 1543 2471 1600 etiam

487 1631 714 1698 egestas
742 1640 810 1678 ac
838 1586 1183 1678 mendicitas
1209 1632 1607 1695 consequatur.

566 1698 673 1757 vl.
732 1699 1151 1787 Quamobrem,
1170 1699 1289 1757 sive
1316 1699 1427 1756 hoc
1454 1700 1786 1781 statueritis»,
1815 1700 2087 1758 dederitis
2113 1700 2256 1759 mihi
2284 1701 2471 1759 comi-
2527 1729 2542 1735 =

487 1788 605 1836 tem
646 1779 719 1835 ad
759 1777 1117 1848 concionem,
1146 1778 1352 1867 populo
1391 1797 1589 1835 carum
1634 1791 1803 1854 atque
1825 1781 2179 1856 jucundum:
2223 1780 2345 1837 sive
2375 1780 2472 1837 Si-

488 1856 606 1914 lani
633 1857 974 1915 sententiam
1003 1856 1166 1931 sequi
1194 1856 1528 1928 malueritis,
1553 1856 1722 1916 facile
1753 1878 1846 1916 me
1875 1871 2044 1933 atque
2071 1879 2169 1916 vos
2198 1878 2232 1916 a
2259 1860 2472 1916 crude-

381 1945 454 2000 20
487 1934 664 1993 litatis
702 1935 1114 2011 vituperatione
1155 1935 1507 2006 defendeti83
1568 1949 1737 2012 atque
1776 1938 2064 2009 obtinebo,
2107 1957 2234 1995 eam
2276 1937 2467 1996 multo
2537 1972 2547 1980 ·

486 2014 755 2072 leviorem
797 2015 988 2072 fuisse.
1069 2015 1448 2089 Quanquam,
1482 2015 1683 2073 Patres
1723 2015 2069 2092 Conscripti,
2113 2036 2237 2091 quae
2276 2026 2469 2092 potest

488 2112 614 2151 esse
642 2093 700 2151 in
729 2094 873 2151 tanti
911 2093 1145 2152 sceleris
1186 2093 1542 2151 immanitate
1581 2094 1873 2170 punienda
1915 2096 2263 2153 crudelitas?
2335 2096 2471 2172 Ego

487 2172 643 2231 enim
683 2174 756 2231 de
794 2193 925 2231 meo
964 2193 1134 2230 sensu
1171 2173 1387 2249 judico.
1470 2172 1646 2243 Nam,
1678 2174 1758 2230 ita
1783 2174 1927 2231 mihi
1966 2174 2122 2231 salva
2163 2175 2469 2250 republica

486 2252 781 2310 vobiscum
800 2252 1235 2342 perfrukliceat,
1255 2262 1319 2309 ut
1346 2271 1472 2329 ego,
1492 2219 1678 2326 quod
1666 2272 1724 2308 ιιι
1747 2255 1858 2310 hac
1876 2271 2053 2310 causa
2071 2253 2469 2312 vehementior

379 2335 452 2390 25
487 2349 634 2399 sum,
663 2350 777 2387 non
807 2330 1104 2388 atrocitate
1135 2330 1310 2388 animi
1339 2349 1584 2401 moveor,
1608 2331 1762 2406 (quis
1783 2332 1938 2389 enl'm
1966 2343 2052 2389 est
2079 2351 2171 2388 me
2199 2332 2388 2390 mitior
2404 2334 2464 2412 2)

487 2410 588 2466 sed
630 2409 906 2485 singulari
948 2410 1198 2482 quadam
1251 2410 1609 2467 humanitate
1650 2421 1708 2466 et
1748 2411 2158 2468 misericordia.
2242 2411 2468 2469 Videor

487 2487 644 2555 enim
684 2486 825 2543 mihi
867 2489 1020 2545 hanc
1060 2487 1260 2543 urbem
1300 2488 1515 2560 videre,
1545 2489 1737 2546 lucem
1778 2490 1933 2547 orbis
1971 2498 2250 2547 terrarum
2290 2500 2467 2565 atque

489 2583 683 2622 arcem
722 2566 977 2623 omnium
1019 2565 1297 2642 gentium,
1326 2566 1516 2625 subito
1560 2587 1675 2625 uno
1715 2568 1985 2626 incendio
2021 2569 2463 2628 concidentem.

487 2663 664 2701 cerno
721 2644 930 2714 animo,
978 2644 1200 2720 sepulta
1258 2645 1317 2703 in
1372 2646 1576 2721 patria,
1633 2646 1869 2705 miseros
1925 2657 2094 2722 atque
2151 2647 2469 2723 insepultos

380 2727 453 2782 30
488 2740 723 2780 acervos
764 2720 1010 2780 civium.
1052 2734 1309 2781 versatur
1337 2724 1478 2781 mihi
1509 2735 1641 2781 ante
1668 2726 1865 2784 oculos
1894 2738 2156 2822 aspectus
2193 2726 2467 2805 Cethegi,

487 2813 545 2858 et
573 2803 745 2873 furor,
770 2800 828 2859 in
856 2802 1042 2858 vestra
1065 2803 1224 2860 caede
1253 2803 1608 2860 bacchantis
1687 2803 1838 2862 Cum
1868 2804 2002 2863 vero
2031 2805 2172 2862 mihi
2199 2808 2465 2881 proposui

382 2912 463 2953 ,μ
448 2891 824 2956 regnantem
866 2880 1177 2937 Lentulum
1208 2879 1388 2957 (sicut
1428 2882 1547 2957 ipse
1588 2903 1649 2940 se
1690 2902 1761 2940 ex
1798 2884 1929 2942 fatis
1956 2903 2214 2960 sperasse
2243 2885 2470 2942 confles-

487 2978 584 3016 sus
637 2961 774 3038 est),
815 2970 1185 3035 purpuratum
1242 2979 1370 3017 esse
1425 2961 1582 3017 hunc
1637 2963 1972 3034 Gabinium,
2015 2982 2148 3020 cum
2205 2965 2466 3022 exercitu

488 3037 714 3096 venisse
756 3039 1102 3107 Catilinam3
1147 3048 1269 3094 tum
1296 3038 1765 3098 lamentationem
1794 3041 2310 3112 matrumfamiliaS,
2339 3052 2467 3099 tum

381 3118 452 3173 35
489 3116 684 3193 fugam
726 3117 1013 3193 virginum
1069 3127 1241 3191 atque
1293 3136 1619 3193 puerorum,
1665 3138 1732 3177 ac
1775 3121 2133 3179 vexationem
2175 3121 2471 3196 virginum

489 3195 830 3266 Vestalium,
872 3197 1276 3271 perhorresco.
1333 3206 1411 3267 et,
1453 3199 1588 3271 quia
1627 3198 1769 3256 mihi
1811 3201 2178 3257 vehementer
2220 3201 2346 3256 haec
2387 3199 2474 3257 vi·-

488 3275 694 3332 dentur
722 3273 933 3330 misera
962 3286 1130 3348 atque
1158 3275 1504 3348 miseranda,
1526 3277 1781 3335 idcirco
1767 3298 1827 3335 m
1845 3299 1961 3349 eOS,
1981 3279 2078 3353 qui
2101 3298 2168 3335 ea
2186 3278 2472 3354 perficere

489 3353 808 3424 voluerunt,
827 3371 920 3408 me
937 3372 1198 3410 severum
1215 3355 1728 3447 vehementemque
1744 3357 1986 3433 praebeo.
2058 3357 2292 3414 Etenim
2315 3374 2473 3431 quaa·-

489 3451 571 3503 ιο,
601 3433 647 3489 si
653 3432 805 3528 quis
830 3432 1258 3508 paterfamilias,
1287 3433 1484 3490 liberis
1518 3435 1636 3492 suis
1666 3454 1700 3492 a
1727 3455 1888 3493 servo
1923 3436 2258 3505 interfectiS,
2288 3436 2508 3495 uxore*

383 3516 457 3568 40
486 3511 703 3582 occisa,
733 3511 971 3569 incensa
1013 3511 1199 3583 domo,
1229 3512 1571 3609 supplicium
1614 3514 1686 3571 de
1727 3514 1904 3571 servis
1944 3534 2058 3572 non
2092 3533 2265 3589 quam
2309 3530 2490 3577 aceffi

492 3590 786 3646 bissimum
829 3591 1163 3665 sumpserit3
1207 3601 1398 3647 utrum
1431 3611 1478 3648 is
1507 3593 1761 3650 clemens
1791 3612 1861 3650 ac
1888 3594 2231 3663 misericorS‚
2264 3613 2335 3650 an
2383 3592 2498 3661 ιιι-ξ

494 3668 936 3738 humanissimus
962 3681 1023 3726 et
1049 3669 1498 3741 crudelissimum,
1527 3691 1654 3728 esse
1683 3672 1985 3729 videatur?
2029 3673 2168 3729 mihi
2200 3672 2333 3729 vero
2363 3666 2522 3743 ima:

434 3758 465 3821 fg.
489 3755 766 3821 portunus
785 3766 854 3803 ac
878 3747 1114 3817 ferreuS,
1138 3747 1235 3820 qui
1256 3767 1393 3817 non,
1413 3717 1603 3807 dolore
1627 3768 1696 3806 ac
1720 3751 1984 3806 cruciatu
2005 3750 2516 3820 nocentissima*

448 3860 471 3869 κ
491 3822 743 3881 dolorem
784 3824 1220 3899 cruciatumque
1259 3825 1504 3883 lenierit.
1589 3827 1691 3884 Sic
1732 3847 1855 3900 ιιοε,
1884 3828 1946 3885 in
1987 3829 2077 3886 his
2118 3828 2478 3905 hominibus-,-
