2667 4242
710 270 981 321 ORATIO
1025 272 1124 322 111.
1170 272 1246 322 IN
1292 273 1353 322 1..
1399 272 1824 323 CATILINAM.
2275 276 2346 332 3}

230 354 295 391 f

360 412 535 471 VIII.
615 413 973 488 Quanquam
1001 416 1126 473 haec
1152 416 1366 486 omnia,
1393 415 1679 487 Quirites,
1709 416 1789 472 ita
1815 423 1949 473 sunt
1978 432 2013 470 a
2038 433 2132 472 me
2162 415 2258 471 ad-

282 493 624 563 ministrata,
655 504 717 549 ut
754 493 1007 550 Deorum
1057 495 1461 551 immortalium
1511 505 1652 586 nutu
1703 505 1872 568 atque
1919 494 2159 551 consilio
2197 505 2258 551 et

280 584 444 647 gesta
473 583 530 628 et
556 573 776 646 provisa
803 591 930 629 esse
956 573 1272 629 videantur.
1359 573 1543 647 quue
1591 591 1723 630 cum
1753 573 2089 648 conjectura
2120 591 2255 629 con-

280 651 444 723 sequi
472 669 787 725 possumuS,
821 650 1002 725 (quod
1033 652 1122 707 vix
1163 652 1385 708 videtur
1428 652 1663 708 humani
1712 651 1937 709 consilii
1965 660 2254 707 tantarum

280 727 471 784 reru'm
501 729 839 804 gubernatio
866 748 991 786 esse
1020 730 1328 807 potuisse);
1373 742 1495 786 tum
1532 728 1667 787 vero
1698 730 1778 786 ita
1816 742 2123 806 presentes
2165 729 2253 785 his
2313 733 2350 786 5

278 807 629 881 temporibus
655 824 819 882 opem
849 817 904 863 et
935 808 1207 865 auxilium
1237 810 1401 866 nobis
1428 809 1700 879 tulerunt,
1730 821 1793 865 ut
1819 828 1917 866 eos
1942 806 2090 883 pene
2117 826 2254 864 ocu-

278 885 350 941 lis
382 885 576 941 videre
603 904 910 960 possemus,
994 886 1170 955 Nam,
1202 898 1263 943 ut
1308 887 1404 943 illa
1449 887 1730 955 omittam,
1775 888 1925 943 visas
1972 898 2253 943 nocturno

277 973 536 1038 tempore
565 965 637 1019 ab
662 963 988 1020 Occidente
1036 964 1195 1022 faces
1224 967 1597 1038 ardoremque
1645 965 1795 1035 coeli,
1837 975 1900 1021 ut
1948 965 2250 1022 fulminum

206 1038 502 1176 NiactuS,
533 1052 595 1097 ut
621 1054 784 1098 terrae
814 1053 1017 1112 motus,
1047 1054 1110 1099 ut
1138 1055 1367 1114 caetera,
1396 1063 1523 1116 quae
1550 1053 1668 1099 tam
1697 1045 1895 1113 multa,
1925 1044 2089 1101 nobis
2116 1062 2252 1100 con-

312 1120 523 1189 ulibus,
556 1120 706 1177 facta
734 1130 886 1189 sunt,
917 1133 979 1176 ut
1007 1122 1149 1190 hmo,
1179 1141 1304 1195 quae
1356 1140 1511 1178 nunc
1559 1121 1722 1191 fiunt,
1752 1140 1961 1179 canere
2008 1121 2104 1178 Dii
2150 1122 2250 1178 im·
2279 1122 2345 1177 10

278 1198 552 1254 mortales
583 1199 943 1267 viderentur;
988 1200 1097 1256 hoc
1125 1200 1302 1270 certe,
1329 1200 1617 1269 Quirites,
1640 1201 1789 1273 quod
1817 1218 1942 1257 sum
1971 1199 2249 1270 dicturuS‚

277 1295 470 1350 neque
496 1278 1063 1352 praetermittendum,
1092 1297 1279 1351 neque
1307 1278 1744 1351 relinquendum
1774 1289 1875 1335 est.

271 1388 277 1394 ·
358 1354 517 1411 Nam
542 1355 796 1430 profecto
827 1357 1100 1413 memoria⁴
1129 1358 1357 1425 tenetiS,
1386 1357 1558 1412 Cotta
1585 1367 1644 1414 et
1672 1357 1968 1431 Torquato
2006 1357 2254 1414 consuli-

280 1434 404 1503 bus,
435 1434 755 1509 complures
785 1435 842 1491 in
871 1435 1155 1509 Capitolio
1190 1454 1281 1492 res
1309 1436 1383 1492 de
1424 1435 1571 1492 coelo
1610 1455 1736 1493 esse
1761 1454 2081 1512 percussas,
2110 1434 2246 1493 cum

275 1522 335 1570 et
374 1513 683 1570 simulacra
723 1513 975 1569 Deorum
1020 1513 1422 1571 immortalium
1464 1514 1702 1589 depulsa
1741 1525 1892 1585 sunt,
1947 1524 2007 1572 et
2045 1525 2246 1572 statuae
2275 1527 2344 1580 15

274 1601 530 1648 veterum
561 1589 855 1651 hominum
885 1591 1141 1666 dejectae,
1163 1603 1219 1649 et
1248 1593 1440 1669 legum
1471 1612 1584 1649 aera
1613 1593 1938 1667 liquefacta.
2021 1592 2248 1650 Tactus

274 1680 364 1725 est
391 1667 563 1727 etiam
595 1670 708 1740 ille,
739 1671 835 1745 qui
867 1672 1016 1728 hanc
1047 1672 1245 1729 urbem
1275 1671 1554 1741 condidit,
1585 1671 1905 1741 Romulus;
1948 1690 2118 1745 quem
2164 1673 2248 1729 in-

274 1760 537 1805 auratum
560 1750 618 1806 in
641 1749 926 1826 Capitolio
943 1744 1178 1825 parvum
1201 1761 1371 1824 atque
1392 1750 1720 1820 lactentem,
1743 1750 2015 1807 uberibus
2035 1749 2248 1826 lupinis

240 1826 612 1898 inhiantem,
661 1828 837 1886 fuisse
878 1829 1235 1886 meministis,
1331 1827 1475 1889 Quo
1516 1828 1749 1902 quidem
1792 1840 2065 1904 tempore,
2108 1828 2244 1886 cum

274 1907 565 1981 aruspices
591 1927 662 1964 ex
688 1908 808 1965 tota
835 1907 1069 1964 Etruria
1099 1908 1519 1978 convenissent,
1542 1908 1731 1964 caedes
1752 1917 1924 1981 atque
1953 1907 2242 1978 incendia,
2269 1915 2342 1970 m

244 1993 330 2055 „et
357 1984 549 2061 legum
578 1986 892 2054 interitum,
929 1996 987 2043 et
1014 1986 1227 2044 bellum
1255 1986 1425 2044 civile
1455 1998 1524 2043 ac
1552 1986 1950 2055 domesticum,
1987 1997 2045 2043 et
2070 1988 2244 2043 totius

270 2064 432 2119 urbis
460 2075 631 2137 atque
660 2064 884 2140 imperii
910 2078 1183 2121 occasum
1212 2064 1660 2139 appropinquare
1686 2064 1974 2133 dixerunt,
2002 2064 2114 2121 nisi
2143 2064 2243 2122 Dii

272 2141 644 2212 immortales,
672 2143 830 2200 omni
857 2143 1080 2201 ratione
1105 2142 1339 2218 placati,
1367 2161 1473 2199 suo
1498 2142 1735 2199 numine
1774 2141 1948 2218 prope
1978 2142 2095 2200 fata
2122 2144 2246 2218 ipsa

225 2254 232 2261 ·
274 2218 583 2276 flexissent.

217 2347 223 2352 .
356 2297 580 2372 Itaque,
610 2298 833 2354 illorum
861 2298 1162 2374 responsis,
1192 2307 1333 2356 tunc
1361 2308 1419 2355 et
1445 2298 1565 2359 ludi
1595 2298 1797 2356 decem
1823 2318 1924 2376 per
1951 2298 2240 2373 dieslfacti
2267 2304 2340 2357 25

271 2386 410 2433 sunt
426 2397 441 2446 ;
485 2396 672 2451 neque
700 2395 791 2434 res
836 2377 979 2447 ulla„
1021 2395 1146 2452 quae
1195 2378 1267 2434 ad
1313 2378 1661 2453 placandum
1710 2377 1864 2436 Deos
1909 2379 2236 2453 pertineret,

268 2455 652 2530 praetermissa
678 2465 798 2512 est:
842 2456 1128 2530 iidemque
1142 2454 1454 2531 jusserunt,
1476 2456 1846 2514 simulacrum
1865 2455 2024 2514 Jovis
2044 2457 2239 2515 facere

268 2534 474 2609 majuS,
503 2543 562 2590 et
589 2533 646 2590 in
674 2535 902 2592 excelso
922 2535 1223 2605 collocare,
1246 2546 1323 2606 et,
1353 2532 1553 2592 contra
1575 2545 1744 2610 atque
1774 2535 1905 2592 ante
1938 2535 2138 2607 fuerat,
2163 2537 2236 2593 ad

267 2610 569 2669 Orientem
598 2624 961 2671 convertere:
1006 2632 1076 2671 ac
1100 2632 1164 2671 se
1191 2633 1420 2690 sperare
1441 2615 1724 2684 dixerunt,
1747 2615 1794 2671 si
1818 2615 1956 2671 illud
1985 2615 2233 2692 signum,

269 2692 419 2767 quod
448 2692 669 2762 videtiS,
699 2692 832 2749 solis
871 2702 1079 2764 ortum,
1120 2704 1180 2750 et
1220 2693 1426 2764 forum,
1474 2693 1809 2767 curiamque
1856 2695 2232 2770 conspiceret,
2260 2696 2334 2751 30

268 2770 406 2840 fore,
436 2780 500 2828 ut
525 2770 619 2827 ea'
643 2771 903 2848 consilia,
932 2790 1060 2845 quae
1108 2769 1259 2828 clam
1302 2781 1495 2829 essent
1545 2772 1688 2829 inita
1734 2784 1934 2830 contra
1990 2773 2233 2830 salutem

267 2848 440 2906 Urbis
488 2861 656 2924 atque
704 2850 947 2925 imperii,
997 2849 1432 2921 illustrarentur,
1484 2861 1544 2907 ut
1591 2868 1626 2908 a
1670 2861 1872 2908 senatu
1916 2852 2235 2928 populoque

268 2927 534 2986 Romano
560 2929 805 3004 perspici
833 2938 1077 3004 possent.
1160 2931 1356 3004 Atque
1386 2929 1523 2986 illud
1567 2929 1647 2986 ita
1674 2930 2070 2988 collocandum
2100 2949 2235 2988 con·

266 3008 419 3064 sules
447 3007 528 3064 illi
558 3007 923 3065 locaverunt:
966 3009 1067 3066 sed
1095 3018 1256 3065 tanta
1283 3007 1390 3065 fuit
1415 3008 1603 3084 operis
1648 3009 1905 3078 tarditaS,
1934 3019 2015 3079 ut,
2044 3027 2234 3081 neque

200 3080 205 3085 ’
267 3103 302 3141 a
348 3085 730 3161 superioribus
777 3087 1126 3158 consulibus,
1174 3106 1362 3162 neque
1416 3105 1451 3144 a
1503 3087 1667 3146 nobis
1714 3098 1847 3144 ante
1894 3088 2232 3144 hodiernum
2257 3085 2331 3139 35

267 3164 439 3234 diem,
469 3164 860 3223 collocaretur.
1318 3196 1331 3209 ·

344 3241 454 3299 IX.
498 3241 619 3301 Hic
658 3244 787 3317 quis
830 3254 1015 3320 potest
1060 3263 1206 3314 esse,
1231 3244 1519 3314 Quirites,
1564 3248 1684 3300 tam
1731 3262 1964 3301 aversus
2004 3261 2039 3299 a
2077 3260 2230 3311 vero,

261 3330 383 3377 tam
408 3341 679 3397 praeceps,
698 3333 824 3390 tam
855 3333 1045 3380 mente
1074 3333 1293 3398 captus,
1324 3323 1422 3397 qui
1451 3332 1642 3397 neget,
1691 3322 1817 3378 haec
1861 3321 2073 3393 omnia,
2103 3338 2231 3393 quae

259 3399 545 3469 videmus,
590 3399 990 3477 praecipueque
1039 3402 1191 3458 hanc
1245 3403 1466 3470 urbem,
1518 3401 1770 3458 Deorum
1826 3398 2230 3456 immortalium

265 3487 411 3538 nutu
430 3489 596 3554 atque
612 3489 884 3556 potestate
905 3480 1288 3537 administrari
1309 3481 1333 3536 'l
1418 3479 1668 3548 Etenim,
1699 3475 1832 3534 cum
1861 3488 2013 3535 esset
2039 3477 2121 3535 ita
2144 3494 2231 3532 re-
2255 3474 2327 3529 40

262 3576 553 3633 sponsum,
608 3560 816 3629 oaede8‚
873 3559 1164 3628 incendia,
1220 3557 1627 3631 interitumque
1694 3555 2022 3631 reipublicae
2079 3573 2230 3612 com-

260 3637 468 3712 parari,
521 3635 606 3715 [et
652 3656 722 3694 ea
767 3656 866 3712 per
915 3637 1117 3715 civ'eS‚]
1164 3655 1289 3710 quae
1337 3646 1458 3691 tum
1505 3645 1728 3709 propter
1775 3634 2228 3710 magnitudinem

260 3715 545 3772 scelerum
599 3715 891 3772 nonnullis
944 3714 1308 3772 incredibilia
1361 3711 1736 3779 videbantur3
1794 3730 1865 3769 ea
1903 3731 2015 3770 non
2057 3711 2226 3770 modo

261 3794 513 3869 cogitata
542 3812 576 3850 a
604 3794 841 3851 nefariis
870 3793 1109 3861 civibuS,
1138 3788 1340 3846 verum
1368 3789 1542 3844 etiam
1570 3800 1851 3864 suscepta,
1872 3810 1997 3848 esse
2024 3790 2231 3846 sensis-
