2667 4242
274 312 392 372 130
874 309 1147 360 οιιΑΤιο
1193 308 1270 359 m
1314 309 1390 358 M.
1437 307 1885 377 Ana-omum,

456 455 538 513 At
563 453 719 513 enim
747 464 805 513 te
836 453 895 512 in
923 452 1290 528 disciplinam
1318 472 1506 512 meam
1534 453 1857 511 tradideras
1905 450 2067 530 (nam
2107 453 2195 508 ita
2234 449 2378 508 dix-

378 534 498 613 isti)
527 554 540 591 :
583 535 814 591 domum
843 551 1031 590 meam
1061 533 1388 590 ventitaras.
1469 531 1582 589 Nae
1610 542 1693 603 tu,
1712 532 1761 588 si
1783 532 1841 589 id
1871 531 2121 601 fecisses,
2140 528 2377 587 melius

379 615 566 682 famae,
596 609 801 670 melius
826 610 1119 687 pudicitiae
1162 620 1298 682 tuae‚
1346 610 1747 669 consuluisses.
1831 611 1947 668 Sed
1988 629 2095 668 nec
2137 608 2373 679 fecisti,

376 712 508 762 nec,
537 692 585 749 si
615 710 875 766 cuperes,
905 688 1010 747 tibi
1039 689 1097 746 id
1124 709 1226 765 per
1254 689 1323 747 C.
1354 688 1668 747 Curionem
1699 689 1890 747 facere
1915 688 2190 746 licuisset.

305 778 343 832 5
458 770 796 846 Auguratfis
840 768 1175 844 petitionem
1213 768 1356 826 mihi
1396 780 1454 826 te
1494 768 1849 826 concessisse
1888 768 2122 841 dixisti·
2178 766 2240 825 O
2269 767 2374 825 in·

378 849 715 906 credibilem
760 846 1096 905 audaciam!
1140 867 1178 905 o
1216 846 1650 923 impudentiam,
1671 847 2124 921 praedicandaml
2211 847 2376 908 Quo

378 927 533 985 enim
587 940 841 1002 tempore
894 944 988 984 me
1043 945 1323 1002 augurem
1366 945 1401 983 a
1439 935 1558 984 toto
1604 925 1849 1002 collegio
1885 926 2195 1002 expetitum
2238 926 2372 983 Cn.

378 1006 683 1083 Pompeius
710 1016 769 1062 et
792 1005 874 1067 Q.
906 1004 1251 1063 Hortensius
1291 1004 1731 1062 nominaverunt
1778 1002 1991 1080 (neque
2029 1003 2185 1061 enim
2214 1005 2376 1062 lice—

377 1086 479 1142 bat
520 1104 555 1142 a
598 1084 856 1161 pluribus
896 1082 1231 1172 nominari),
1259 1092 1323 1140 tu
1364 1103 1476 1143 nec
1516 1082 1786 1141 solvendo
1811 1102 1959 1154 eras,
1987 1102 2097 1141 nec
2133 1092 2195 1140 te
2237 1083 2377 1140 ullo

275 1168 344 1223 10
379 1164 567 1235 modo,
596 1163 708 1221 nisi
735 1163 935 1221 eversa
982 1163 1307 1239 republica,¹
1329 1162 1677 1220 incolumem
1707 1162 1826 1219 fore
1850 1162 2103 1238 putabas.
2186 1161 2376 1220 Pote-

379 1262 473 1300 ras
501 1254 693 1300 autem
720 1261 790 1300 eo
817 1253 1067 1319 tempore
1097 1252 1441 1318 auguratum
1466 1250 1682 1317 petere,
1710 1238 1847 1297 cum
1875 1240 1934 1298 in
1976 1239 2142 1298 Italia
2170 1239 2404 1300 Curic·

370 1341 493 1385 ,non
523 1322 713 1379 esset'l
756 1330 855 1378 aut
871 1330 1015 1392 tum,
1032 1316 1169 1377 cum
1186 1339 1251 1378 es
1278 1320 1485 1391 sactus,
1508 1338 1684 1377 unam
1701 1319 1916 1376 tribum
1941 1318 2065 1376 sine
2092 1319 2373 1376 Curione

302 1445 342 1476 ,
382 1399 530 1458 serre
588 1399 911 1477 potuisses?
973 1398 1138 1475 cujus
1197 1397 1372 1455 etiam
1416 1397 1727 1455 familiares
1780 1398 1852 1455 de
1892 1397 1948 1454 vi
1986 1397 2378 1456 condemnati

380 1488 533 1548 sunt,
563 1476 717 1552 quod
745 1478 835 1534 tui-
857 1477 1031 1534 nimis
1056 1476 1296 1535 studiosi
1325 1476 1581 1559 fuissent.

276 1557 347 1612 15
460 1555 575 1614 111.
649 1556 729 1613 At
756 1555 1039 1614 beneficio
1078 1574 1206 1613 sum
1247 1574 1388 1612 usus
1428 1566 1543 1614 tuo.
1622 1555 1808 1616 Quo?
1847 1573 2167 1630 quanquam
2214 1554 2377 1612 illud

382 1634 588 1724 ipsum,
616 1634 768 1709 quod
805 1653 1238 1706 commemoras,
1268 1653 1491 1711 semper
1530 1653 1650 1709 prae
1696 1652 1790 1692 me
1829 1633 1953 1691 tuli.
2034 1632 2221 1690 Malui
2263 1652 2378 1691 me

381 1713 486 1770 tibi
516 1712 727 1769 debere
755 1712 1036 1784 confiteri,
1063 1711 1236 1789 quam
1265 1712 1538 1787 cuiquam
1566 1708 1759 1770 minus
1784 1712 2049 1788 prudenti
2075 1732 2189 1770 non
2217 1712 2378 1769 satis
2423 1770 2431 1775 ,

381 1802 578 1868 gratus
605 1790 801 1848 videri.
882 1790 1004 1849 Sed
1052 1810 1165 1866 quo
1210 1791 1533 1849 beneficio?
1575 1790 1729 1866 quod
1776 1803 1869 1849 'me
1910 1791 2201 1848 Brundisii
2242 1811 2378 1849 nou

380 1869 705 1928 occideris?
784 1869 984 1931 Quem
1013 1869 1131 1946 ipse
1159 1869 1339 1928 victor
1370 1869 1497 1946 (qui
1538 1870 1665 1942 tibi,
1692 1880 1758 1927 ut
1783 1878 1905 1927 tute
1947 1869 2175 1946 gloriari
2217 1870 2380 1927 sole-

277 1952 348 2006 20
383 1949 507 2019 baS,
555 1949 839 2006 detulerat
884 1968 956 2007 ex
995 1948 1312 2006 latronibus
1359 1948 1479 2005 suis
1522 1948 1934 2027 principatum)
1984 1949 2202 2006 salvum
2231 1968 2376 2006 esse

383 2026 672 2099 voluisset,
722 2026 782 2084 in
831 2026 1061 2085 Italiam
1108 2026 1192 2084 ire
1233 2026 1515 2101 jussisset,
1563 2045 1696 2085 eum
1723 2038 1786 2084 tu
1812 2027 2149 2085 occideres!
2232 2027 2376 2086 Fae

381 2106 667 2184 potuisse:
709 2106 860 2181 quod
887 2116 974 2164 est
1004 2105 1178 2176 aliud,
1207 2104 1409 2164 Patres
1445 2105 1791 2183 Conscripti‚
1821 2105 2163 2164 beneficium
2189 2105 2375 2164 latro—

382 2205 544 2257 num,
573 2185 685 2245 nisi
712 2197 776 2243 ut
803 2203 1250 2243 commemorare
1295 2185 1532 2260 possint,
1561 2185 1632 2242 iis
1658 2204 1722 2243 se
1761 2184 1986 2242 dedisse
2014 2184 2207 2256 vitam,
2236 2184 2374 2260 qui-

306 2320 317 2327 .
385 2265 493 2322 bus
533 2284 645 2323 non
696 2264 1053 2322 ademerint?
1132 2263 1312 2325 Quod
1361 2263 1410 2320 si
1456 2273 1607 2322 esset
1651 2263 2017 2335 beneficium,
2064 2282 2373 2338 nunquam

276 2349 350 2402 25
386 2343 448 2415 ii,
476 2343 574 2418 qui
604 2344 763 2400 illum
793 2343 1227 2414 interfecerunt,
1257 2360 1293 2399 a
1317 2361 1433 2417 quo
1457 2352 1623 2400 erant
1661 2342 1894 2413 servati,
1926 2342 2094 2418 (quos
2133 2352 2195 2398 tu
2240 2341 2374 2417 ipse

386 2420 535 2479 viros
562 2421 909 2479 clarissimos
936 2421 1220 2498 appellare
1246 2421 1422 2500 soles)
1447 2430 1666 2479 tantam
1693 2432 1886 2479 essent
1905 2419 2145 2498 gloriam
2161 2440 2376 2479 conse-

386 2500 524 2558 cuti.
604 2499 802 2562 Quale
831 2509 1023 2558 autem
1067 2498 1416 2557 beneficium
1462 2510 1569 2572 est,
1598 2500 1748 2574 quod
1792 2508 1850 2557 te
1880 2498 2224 2558 abstinueris
2263 2519 2374 2558 ne·

386 2577 531 2636 fario
556 2578 819 2636 scelere‘l
897 2578 1042 2640 Qua
1083 2577 1143 2635 in
1189 2597 1273 2649 re,
1321 2598 1437 2636 non
1484 2588 1602 2636 tam
1637 2578 1959 2653 jucundum
1999 2577 2180 2636 videri
2220 2577 2371 2635 mihi

382 2656 601 2727 debuit,
643 2677 756 2714 non
788 2657 1150 2715 interfectum
1182 2675 1216 2714 a
1242 2666 1321 2729 te,
1352 2655 1526 2731 quam
1573 2657 1880 2729 miserum‚·
1916 2656 1975 2714 id
2016 2667 2076 2715 te
2120 2654 2368 2733 impune

277 2738 350 2792 30
382 2736 576 2794 facere
602 2735 871 2811 potuisse.
1920 2767 1924 2773 v

462 2814 579 2872 Sed
608 2813 681 2871 sit
708 2814 1077 2886 beneficium,
1123 2813 1589 2890 quandoquidem
1630 2814 1816 2891 majus
1856 2813 2042 2890 accipi
2072 2832 2107 2871 a
2143 2813 2372 2872 latrone

381 2892 604 2950 nullum
631 2893 849 2969 potuit;
892 2893 953 2950 in
994 2913 1106 2968 quo
1145 2902 1307 2968 potes
1354 2911 1448 2951 me
1494 2892 1691 2950 dicere
1734 2894 2067 2973 ingratum?
2152 2891 2252 2950 An
2291 2892 2372 2950 de

385 2971 619 3030 interitu
647 2972 979 3047 reipublicae
1007 2971 1169 3046 queri
1197 2990 1313 3029 non
1334 2971 1533 3042 debui,
1550 2991 1625 3030 ne
1646 2972 1707 3029 in
1734 2983 1792 3030 te
1821 2972 2080 3049 ingratus
2099 2970 2370 3030 viderer?

384 3050 562 3122 Nam,
592 3050 652 3108 in
683 3051 777 3108 illa
807 3050 1062 3125 querela,
1082 3050 1333 3127 (misera
1364 3050 1597 3125 quidem
1640 3061 1698 3108 et
1744 3050 2026 3121 luctuosa,
2055 3049 2159 3107 sed
2202 3050 2371 3121 mihi,

280 3133 352 3189 35
383 3150 486 3207 pro
512 3131 621 3188 hoc
649 3130 831 3206 gradu
861 3129 920 3186 in
949 3148 1061 3203 quo
1088 3148 1180 3187 me
1207 3140 1443 3186 senatus
1487 3129 1840 3205 populusque
1867 3129 2172 3187 Romanus
2200 3129 2376 3187 collo-

386 3209 559 3279 cavit,
588 3208 946 3285 necessaria)
995 3207 1133 3283 quid
1180 3217 1268 3264 est
1315 3207 1536 3265 dictum
1586 3226 1621 3265 a
1646 3226 1740 3266 me
1788 3226 1923 3264 cum
1970 3208 2371 3265 contumelia?

384 3288 523 3364 quid
570 3307 685 3344 non
732 3284 1071 3343 moderate?
1125 3286 1263 3361 quid
1307 3305 1424 3342 non
1480 3284 1713 3343 amice!
1796 3286 1875 3342 Et
1920 3285 2153 3359 quidem
2204 3286 2375 3362 cujus

385 3365 777 3444 temperantiae
806 3364 931 3435 fuit,
960 3364 1033 3421 de
1081 3362 1163 3421 M.
1197 3364 1454 3423 Antonio
1493 3374 1849 3440 querentem,
1879 3364 2168 3422 abstinere
2196 3366 2376 3423 male-

387 3446 589 3504 dicto?
631 3443 948 3520 praesertim
995 3440 1130 3499 cum
1174 3452 1238 3499 tu
1279 3442 1552 3518 reliquias
1578 3442 1909 3519 reipublicae
1937 3442 2372 3520 dissipavisses3

280 3523 355 3577 40
388 3523 525 3582 cum
553 3522 705 3580 domi
734 3532 846 3580 tuae
876 3520 1200 3597 turpissimo
1220 3532 1479 3579 mercatu
1500 3522 1695 3580 omnia
1721 3531 1913 3579 essent
1940 3521 2204 3591 venalia3
2235 3519 2376 3579 cum

388 3602 546 3678 leges
586 3620 705 3671 eaS,
735 3620 860 3675 quae
888 3618 1183 3675 nunquam
1210 3601 1585 3677 promulgatae
1629 3611 1843 3671 essent,
1872 3611 1931 3658 et
1976 3600 2049 3657 de
2078 3610 2135 3659 te
2161 3610 2224 3658 et
2252 3620 2289 3657 a
2314 3611 2378 3658 te

385 3680 533 3736 latas
554 3680 891 3736 confiterere
913 3699 928 3748 ;
973 3675 1107 3735 cum
1132 3678 1392 3754 auspicia
1421 3697 1623 3755 augur,
1647 3679 2116 3737 intercessionem
2146 3680 2378 3750 consul,

388 3756 744 3824 sustulisses3
788 3755 925 3813 cum
954 3775 1108 3813 esses
1137 3755 1450 3812 foedissime
1492 3757 1732 3832 stipatus
1761 3757 2031 3826 armatis3
2074 3754 2214 3814 cum
2253 3777 2378 3816 om-

388 3848 493 3886 nes
533 3830 891 3905 impuritates
929 3833 1142 3908 pudica
1193 3834 1253 3890 in
1308 3833 1479 3891 domo
1531 3834 1786 3908 quotidie
1840 3835 2185 3913 susciperes,
2241 3836 2380 3895 vino
