2667 4242
756 323 1030 379 ORATIO
1072 323 1149 374 IN
1192 324 1269 373 Μ.
1314 325 1722 377 ANTONIUM.
2053 373 2063 381 .
2214 329 2332 401 lffi

233 464 436 543 togato
491 476 624 525 ante
679 485 772 525 me
825 466 1061 527 nemini.
1144 467 1211 526 L.
1269 468 1486 541 Caesar,
1545 468 1864 527 avunculus
1916 479 2069 541 tuus,
2110 469 2228 545 qua

232 547 519 616 oratione,
561 545 676 621 qua
717 547 1063 618 constantia,
1103 548 1219 623 qua
1271 549 1553 625 gravitate
1593 549 1939 606 sententiam
1979 549 2124 607 dixit
2163 550 2227 608 in

234 625 449 682 sororis
488 643 606 682 suae
635 625 841 698 virum,
870 626 1138 685 vitricum
1165 629 1367 685 mum!
1440 627 1618 686 Hunc
1660 637 1722 684 tu
1764 625 1900 685 cum
1930 638 2227 687 auctorem

236 713 302 761 et
347 714 758 780 praeceptorem
812 705 1072 763 omnium
1128 706 1518 778 consiliorum,
1575 706 1860 782 totiusque
1920 707 2070 779 vitae,
2130 707 2229 766 de-

237 782 467 840 buisses
508 784 741 855 habere,
770 784 959 842 vitrici
1000 794 1058 843 te
1098 786 1366 856 similem,
1403 784 1576 860 quam
1619 786 1911 857 avunculi,
1940 805 2068 844 esse
2107 804 2227 845 ma-
2294 785 2333 839 5

234 860 417 919 luisti.
502 861 695 938 Hujus
748 883 858 941 ego
912 864 1136 922 alienus
1189 864 1447 921 consiliis
1500 864 1700 922 consul
1756 883 1894 921 usus
1932 884 2098 923 sum:
2140 875 2235 937 tu,-

236 940 452 1002 sororis
478 940 651 1012 filius,
681 943 893 1018 ecquid
923 943 996 999 ad
1022 961 1154 1001 eum
1185 961 1441 1017 unquam
1467 943 1541 1001 de
1568 962 1631 1001 re
1667 943 1900 1020 publica
1934 943 2225 1002 retulisti?

236 1019 326 1076 At
368 1019 441 1076 ad
482 1038 623 1094 quos
675 1021 893 1079 refert'l
962 1021 1061 1079 Dii
1110 1022 1493 1080 immortales!
1539 1022 1612 1079 ad
1653 1041 1752 1081 eos
1804 1022 2049 1096 scilicet,
2091 1042 2227 1099 quo-
2301 1022 2310 1030 ’

236 1117 371 1156 rum
399 1099 566 1156 nobis
592 1100 769 1158 etiam
796 1100 922 1158 dies
948 1101 1170 1158 natales
1199 1100 1474 1159 audiendi
1502 1110 1652 1159 sunt.

322 1177 518 1235 Hodie
574 1198 689 1253 non
747 1179 1049 1239 descendit
1087 1180 1399 1238 Antonius.
1469 1179 1636 1243 Cur'l
1706 1179 1825 1237 Dat
1863 1180 2128 1238 natalitia·
2162 1179 2225 1239 in
2263 1180 2331 1235 10

237 1257 437 1315 hortiS.
523 1257 683 1315 cuit
749 1257 1065 1316 Neminem
1105 1258 1449 1316 nominabo:
1491 1268 1688 1336 putate
1728 1268 1852 1316 tum
1892 1258 2226 1318 Phormioni

239 1334 440 1406 alicui,
483 1343 606 1392 tum
646 1336 960 1409 Gnathoni,
1003 1347 1126 1394 tum
1166 1337 1434 1396 Ballioni.
1516 1338 1573 1395 O
1616 1337 1932 1396 soeditatem
1979 1338 2226 1396 hominis

237 1414 619 1492 flagitiosam!
660 1435 698 1474 o
725 1415 1158 1492 impudentiam,
1188 1412 1525 1493 n'equitiam,
1552 1416 1874 1491 libidinem,
1902 1436 2016 1474 non
2046 1416 2229 1475 seren-

237 1494 414 1551 dam!
486 1494 606 1565 Tu,
656 1491 793 1552 cum
845 1495 1163 1572 principem
1217 1507 1560 1568 senatorem,
1615 1496 1801 1554 civem
1853 1494 2224 1572 singularem,
2315 1492 2332 1515 ⁸

241 1582 359 1630 tam
386 1573 762 1649 propinquum
806 1575 1041 1646 habeas,
1071 1575 1144 1632 ad
1185 1593 1317 1632 eum
1360 1576 1433 1633 de
1470 1595 1532 1633 re
1572 1574 1806 1651 publica
1834 1574 1980 1632 nihil
2009 1575 2223 1646 resers3
2261 1574 2332 1630 15

242 1652 315 1709 ad
361 1672 462 1709 eos
504 1652 700 1723 refers,
745 1653 843 1728 qui
883 1654 1117 1711 domum
1157 1672 1322 1711 suam
1370 1654 1592 1712 nullam
1642 1654 1877 1724 habent,
1925 1664 2084 1712 tuam
2131 1673 2227 1712 ex-

244 1729 556 1788 hauriunt?
624 1731 795 1788 Tuus
846 1732 1117 1790 videlicet
1157 1733 1427 1791 salutaris
1472 1733 1826 1804 consulatus,
1866 1732 2228 1809 perniciosus

174 1838 183 1846 ·
245 1811 439 1868 meus!

318 1888 462 1947 VII.
505 1888 749 1947 Adeone
786 1891 1062 1966 pudorem
1104 1909 1238 1948 cum
1277 1890 1559 1966 pudicitia
1587 1890 1905 1968 perdidisti,
1935 1900 1999 1948 ut
2025 1891 2137 1949 hoc
2164 1890 2226 1949 in

242 1986 310 2025 eo
347 1967 564 2043 templo
604 1968 800 2027 dicere
843 1988 1016 2026 ausus
1055 1968 1153 2040 sis,
1196 1969 1254 2027 in
1297 1988 1412 2045 quo
1450 1990 1483 2027 e
1523 1990 1559 2028 o
1598 1980 1863 2027 senatum
1904 1969 2087 2041 illum,
2127 1969 2226 2044 qui
2258 1975 2333 2032 m

244 2046 531 2122 quondam
573 2046 779 2105 florens
820 2049 943 2107 orbi
984 2058 1266 2118 terrarum
1306 2050 1474 2125 praesi
1517 2049 1669 2120 ebat,
1712 2048 2120 2117 consulebam3
2162 2057 2228 2105 tu

245 2123 506 2184 homines
525 2149 542 2161 ·
563 2127 977 2203 perditissimos
1037 2145 1172 2185 cum
1228 2127 1440 2204 gladiis
1494 2124 1834 2185 collocasti?
1915 2126 2000 2183 At
2052 2124 2227 2183 etiam

237 2223 417 2262 ausus
463 2223 528 2262 es
573 2204 739 2281 (quid
789 2216 980 2264 autem
1033 2216 1140 2277 est,
1184 2206 1335 2281 quod
1393 2217 1456 2262 tu
1509 2225 1625 2264 non
1675 2204 1890 2263 audeas
1909 2206 1962 2283 Τ)
2013 2203 2229 2262 clivum

240 2284 639 2360 Capitolinum
668 2284 884 2356 dicere,
904 2304 1000 2343 me
1027 2285 1285 2356 consule,
1307 2284 1543 2361 plenum
1571 2302 1859 2342 servorum
1882 2292 2228 2341 armatorum

239 2363 437 2420 fuisse.
521 2359 600 2421 Ut
640 2363 740 2420 illa
770 2363 998 2442 (credo)
1034 2363 1259 2422 nefaria
1299 2362 1822 2421 senatus-consulta
1860 2363 2084 2433 fierent,
2112 2361 2228 2419 vim
2260 2364 2334 2420 25

239 2442 556 2499 afferebam
583 2443 828 2500 senatui.
909 2442 973 2500 Ο
997 2443 1290 2514 miserum,
1320 2443 1441 2501 sive
1484 2442 1583 2500 illa
1622 2441 1727 2499 tibi
1767 2453 1904 2499 nota
1930 2461 2045 2499 non
2073 2451 2225 2513 sunt,

240 2520 417 2596 (nihil
462 2521 617 2579 enim
660 2522 795 2578 boni
836 2521 1016 2601 nosti)
1047 2521 1167 2579 sive
1208 2533 1362 2593 sunt,
1399 2522 1498 2597 qui
1541 2521 1693 2597 apud
1732 2521 1878 2578 tales
1918 2520 2067 2578 viros
2106 2531 2227 2579 tam

238 2600 604 2676 impudenter
670 2600 941 2676 loquare!
1023 2600 1182 2662 Quis
1248 2601 1406 2658 enim
1473 2619 1649 2676 eques
1715 2599 2037 2671 Romanus,
2098 2600 2228 2675 quis

240 2678 477 2754 (praeter
505 2680 590 2756 te)
624 2680 960 2737 adolescens
1000 2679 1242 2750 nobilis,
1258 2680 1387 2755 quis
1427 2680 1601 2738 ullius
1638 2678 1876 2750 ordinis,
1905 2678 2003 2755 qui
2045 2698 2108 2737 se
2148 2678 2228 2738 ci-

235 2776 370 2814 vem
413 2758 788 2829 meminisset,
818 2756 954 2816 cum
996 2769 1231 2816 senatus
1272 2760 1331 2816 in
1374 2760 1485 2817 hoc
1526 2759 1736 2835 templo
1773 2769 1944 2830 esset,
1975 2759 2034 2817 in
2077 2759 2228 2821 olivo
2259 2766 2333 2821 3ο

238 2837 573 2926 Capitolino
611 2857 725 2895 non
769 2837 917 2895 fuit'l
957 2838 1087 2914 quis
1113 2857 1323 2896 nomen
1365 2858 1480 2896 non
1517 2838 1719 2896 dedit'l
1758 2856 2087 2913 quanquam
2116 2855 2229 2895 nec

236 2915 450 2973 scribae
491 2916 776 2988 sufficere,
814 2936 928 2975 nec
967 2916 1178 2975 tabulae
1219 2918 1455 2975 nomina
1495 2917 1720 2974 illorum
1767 2936 1995 2993 capere,
2035 2913 2230 2993 potue-

236 3004 393 3052 runt.
480 2993 733 3066 Etenim,
783 2994 917 3053 cum
969 2996 1234 3055 homines
1283 2996 1490 3057 nefarii
1546 2997 1620 3053 de
1666 2996 1865 3071 patriae
1918 2993 2229 3070 parricidio

238 3072 653 3131 confiterentur
697 3074 1087 3149 (consciorum
1129 3075 1381 3146 indiciis,
1419 3075 1525 3132 sua
1565 3091 1762 3142 manu,
1791 3068 1932 3129 roce
1972 3069 2121 3147 pene
2163 3071 2229 3127 li-

237 3163 498 3210 terarum
527 3153 766 3230 coacti),
796 3173 859 3211 se
902 3154 1116 3212 Urbem
1158 3153 1538 3223 inflammare,
1568 3152 1725 3209 cives
1764 3149 2076 3220 trucidare,
2106 3167 2229 3206 vas-
2259 3150 2334 3205 35

237 3241 366 3288 tare
423 3230 676 3302 Italiam,
719 3233 912 3291 delere
960 3233 1397 3308 rempublicam,
1440 3230 1839 3299 consensisse;
1882 3228 2011 3303 quis
2056 3236 2227 3298 esset,

212 3310 339 3386 ·qui
386 3309 459 3368 ad
500 3311 746 3367 salutem
787 3330 1152 3369 communem
1205 3310 1630 3369 defendendam
1684 3328 1800 3367 non
1840 3307 2230 3366 excitaretur?

236 3389 558 3466 praesertim
587 3387 723 3447 cum
751 3401 987 3447 senatus
1011 3390 1363 3467 populusque
1401 3390 1706 3447 Romanus
1733 3388 1972 3445 haberet
1999 3387 2229 3456 ducem,

238 3468 429 3544 qualis
457 3469 507 3525 si
535 3467 634 3543 qui
664 3487 822 3526 nunc
850 3479 1021 3540 esset,
1050 3469 1156 3526 tibi
1185 3468 1359 3539 idem,
1377 3469 1528 3544 quod
1557 3467 1672 3525 illis
1700 3466 1934 3536 accidit,
1964 3463 2233 3541 contigis-
2305 3489 2316 3498 ·

241 3558 345 3604 set.
432 3547 527 3605 Ad
571 3548 921 3623 sepulturam
978 3566 1183 3624 corpus
1224 3547 1411 3605 vitrici
1454 3547 1543 3604 sui
1585 3556 1761 3621 negat
1804 3563 1838 3600 a
1877 3562 1970 3601 me
2011 3542 2227 3605 datum.
2264 3551 2336 3611 40

240 3626 378 3684 Hoc
406 3625 544 3683 vero
564 3645 663 3682 ‘ne
708 3626 772 3684 P.
802 3622 1035 3702 quidem
1077 3625 1317 3684 Clodius
1362 3626 1506 3683 dixit
1546 3642 1834 3699 unquam:
1876 3640 2068 3697 quem,
2096 3621 2233 3697 quia

236 3705 366 3781 jure
409 3706 463 3762 ei
504 3704 587 3762 fui
626 3704 917 3777 inimicus,
948 3706 1114 3764 doleo
1141 3723 1175 3762 a
1200 3714 1258 3761 te
1282 3706 1401 3781 jam
1428 3704 1697 3762 omnibus
1723 3701 1876 3758 vitiis
1903 3720 2029 3758 esse
2069 3719 2233 3776 supe-

241 3796 449 3842 ratum.
534 3783 664 3846 Qui
707 3794 899 3841 autem
928 3784 1032 3841 tibi
1060 3783 1217 3842 venit
1254 3784 1314 3840 in
1342 3794 1615 3851 mentem,
1643 3781 1907 3855 redigere
1935 3779 1995 3837 in
2023 3788 2235 3838 memo-

242 3865 387 3922 riam
418 3872 696 3939 nostram‚
724 3872 784 3919 te
811 3863 967 3922 domi
1006 3862 1070 3921 P.
1102 3861 1337 3922 Lentuli
1373 3881 1500 3919 esse
1528 3860 1883 3918 educatum?
1951 3860 2050 3917 An
2077 3877 2233 3917 vere-
