<?xml version="1.0" encoding="UTF-8"?>
<!DOCTYPE html PUBLIC "-//W3C//DTD XHTML 1.0 Transitional//EN"
    "http://www.w3.org/TR/xhtml1/DTD/xhtml1-transitional.dtd">
<html xmlns="http://www.w3.org/1999/xhtml" xml:lang="en" lang="en">
 <head>
  <title>
</title>
<meta http-equiv="Content-Type" content="text/html;charset=utf-8" />
  <meta name='ocr-system' content='tesseract 3.04.00' />
  <meta name='ocr-capabilities' content='ocr_page ocr_carea ocr_par ocr_line ocrx_word'/>
</head>
<body>
  <div class='ocr_page' id='page_1' title='image "./mtciceronisorat01folsgoog_0062.png"; bbox 0 0 2667 4242; ppageno 0'>
   <div class='ocr_carea' id='block_1_1' title="bbox 362 354 1983 416">
    <p class='ocr_par' dir='ltr' id='par_1_1' title="bbox 362 354 1983 416">
     <span class='ocr_line' id='line_1_1' title="bbox 362 354 1983 416; baseline 0.002 -13"><span class='ocrx_word' id='word_1_1' title='bbox 362 356 445 416; x_wconf 76' lang='grc'><strong>56</strong></span> <span class='ocrx_word' id='word_1_2' title='bbox 913 354 1186 405; x_wconf 79' lang='lat' dir='ltr'>ORATIO</span> <span class='ocrx_word' id='word_1_3' title='bbox 1228 354 1369 405; x_wconf 79' lang='lat' dir='ltr'><strong>PRO</strong></span> <span class='ocrx_word' id='word_1_4' title='bbox 1412 354 1607 405; x_wconf 74' lang='lat' dir='ltr'>LEGE</span> <span class='ocrx_word' id='word_1_5' title='bbox 1649 354 1983 406; x_wconf 77' lang='lat' dir='ltr'><strong>MANILlA.</strong></span> 
     </span>
    </p>
   </div>
   <div class='ocr_carea' id='block_1_2' title="bbox 359 494 2557 2475">
    <p class='ocr_par' dir='ltr' id='par_1_2' title="bbox 359 494 2557 2475">
     <span class='ocr_line' id='line_1_2' title="bbox 469 494 2460 582; baseline 0.004 -29"><span class='ocrx_word' id='word_1_6' title='bbox 469 505 640 571; x_wconf 70' lang='lat' dir='ltr'><strong>atque</strong></span> <span class='ocrx_word' id='word_1_7' title='bbox 668 494 911 572; x_wconf 89' lang='lat' dir='ltr'><strong>imperii,</strong></span> <span class='ocrx_word' id='word_1_8' title='bbox 938 506 1061 555; x_wconf 90' lang='lat' dir='ltr'><strong>tum</strong></span> <span class='ocrx_word' id='word_1_9' title='bbox 1098 496 1276 576; x_wconf 85' lang='lat' dir='ltr'><strong>ipsius</strong></span> <span class='ocrx_word' id='word_1_10' title='bbox 1310 498 1557 558; x_wconf 84' lang='lat' dir='ltr'><strong>hominis</strong></span> <span class='ocrx_word' id='word_1_11' title='bbox 1585 497 1783 573; x_wconf 61' lang='lat' dir='ltr'><strong>causa,</strong></span> <span class='ocrx_word' id='word_1_12' title='bbox 1813 498 2012 578; x_wconf 86' lang='lat' dir='ltr'><strong>(sicuti</strong></span> <span class='ocrx_word' id='word_1_13' title='bbox 2041 498 2263 582; x_wconf 90' lang='lat' dir='ltr'><strong>facitis)</strong></span> <span class='ocrx_word' id='word_1_14' title='bbox 2295 501 2460 560; x_wconf 84' lang='lat' dir='ltr'><strong>velle</strong></span> 
     </span>
     <span class='ocr_line' id='line_1_3' title="bbox 467 576 1720 651; baseline 0.002 -19"><span class='ocrx_word' id='word_1_15' title='bbox 467 585 527 632; x_wconf 91' lang='lat' dir='ltr'><strong>et</strong></span> <span class='ocrx_word' id='word_1_16' title='bbox 550 588 745 651; x_wconf 84' lang='lat' dir='ltr'><strong>optare</strong></span> <span class='ocrx_word' id='word_1_17' title='bbox 772 576 1010 634; x_wconf 88' lang='lat' dir='ltr'><strong>debetis.</strong></span> <span class='ocrx_word' id='word_1_18' title='bbox 1715 584 1720 589; x_wconf 88' lang='lat'>&#39;</span> 
     </span>
     <span class='ocr_line' id='line_1_4' title="bbox 543 654 2451 737; baseline 0.001 -21"><span class='ocrx_word' id='word_1_19' title='bbox 543 654 769 725; x_wconf 79' lang='lat' dir='ltr'><strong>Quare,</strong></span> <span class='ocrx_word' id='word_1_20' title='bbox 798 654 933 713; x_wconf 77' lang='lat' dir='ltr'><strong>cum</strong></span> <span class='ocrx_word' id='word_1_21' title='bbox 975 665 1034 714; x_wconf 91' lang='lat' dir='ltr'><strong>et</strong></span> <span class='ocrx_word' id='word_1_22' title='bbox 1072 655 1287 714; x_wconf 91' lang='lat' dir='ltr'><strong>bellum</strong></span> <span class='ocrx_word' id='word_1_23' title='bbox 1315 656 1399 714; x_wconf 90' lang='lat' dir='ltr'><strong>ita</strong></span> <span class='ocrx_word' id='word_1_24' title='bbox 1423 655 1814 714; x_wconf 89' lang='lat' dir='ltr'><strong>necessarium</strong></span> <span class='ocrx_word' id='word_1_25' title='bbox 1839 656 1932 729; x_wconf 89' lang='lat' dir='ltr'><strong>sit,</strong></span> <span class='ocrx_word' id='word_1_26' title='bbox 1962 667 2026 715; x_wconf 91' lang='lat' dir='ltr'><strong>ut</strong></span> <span class='ocrx_word' id='word_1_27' title='bbox 2063 657 2281 737; x_wconf 83' lang='lat' dir='ltr'><strong>negligi</strong></span> <span class='ocrx_word' id='word_1_28' title='bbox 2320 679 2451 718; x_wconf 88' lang='lat' dir='ltr'><strong>non</strong></span> 
     </span>
     <span class='ocr_line' id='line_1_5' title="bbox 465 732 2447 811; baseline 0.003 -22"><span class='ocrx_word' id='word_1_29' title='bbox 465 732 672 809; x_wconf 85' lang='lat' dir='ltr'><strong>possit;</strong></span> <span class='ocrx_word' id='word_1_30' title='bbox 731 733 811 790; x_wconf 81' lang='lat' dir='ltr'><strong>ita</strong></span> <span class='ocrx_word' id='word_1_31' title='bbox 849 753 1144 811; x_wconf 78' lang='lat' dir='ltr'><strong>magnum,</strong></span> <span class='ocrx_word' id='word_1_32' title='bbox 1186 745 1250 793; x_wconf 90' lang='lat' dir='ltr'><strong>ut</strong></span> <span class='ocrx_word' id='word_1_33' title='bbox 1290 734 1724 793; x_wconf 61' lang='lat' dir='ltr'><strong>accuratissime*</strong></span> <span class='ocrx_word' id='word_1_34' title='bbox 1767 735 1842 793; x_wconf 89' lang='lat' dir='ltr'><strong>sit</strong></span> <span class='ocrx_word' id='word_1_35' title='bbox 1882 736 2447 808; x_wconf 87' lang='lat' dir='ltr'><strong>administrandum;</strong></span> 
     </span>
     <span class='ocr_line' id='line_1_6' title="bbox 394 809 2557 891; baseline 0.003 -23"><span class='ocrx_word' id='word_1_36' title='bbox 394 809 432 862; x_wconf 86' lang='lat'><strong>5</strong></span> <span class='ocrx_word' id='word_1_37' title='bbox 467 822 525 869; x_wconf 88' lang='lat' dir='ltr'><strong>et</strong></span> <span class='ocrx_word' id='word_1_38' title='bbox 565 810 700 869; x_wconf 75' lang='lat' dir='ltr'><strong>cum</strong></span> <span class='ocrx_word' id='word_1_39' title='bbox 740 811 795 869; x_wconf 90' lang='lat' dir='ltr'><strong>ei</strong></span> <span class='ocrx_word' id='word_1_40' title='bbox 838 812 1232 890; x_wconf 79' lang='lat' dir='ltr'>imperatorem</span> <span class='ocrx_word' id='word_1_41' title='bbox 1270 814 1563 890; x_wconf 84' lang='lat' dir='ltr'><strong>praeficere</strong></span> <span class='ocrx_word' id='word_1_42' title='bbox 1595 813 1845 890; x_wconf 84' lang='lat' dir='ltr'><strong>possitis,</strong></span> <span class='ocrx_word' id='word_1_43' title='bbox 1874 813 1934 872; x_wconf 91' lang='lat' dir='ltr'><strong>in</strong></span> <span class='ocrx_word' id='word_1_44' title='bbox 1962 834 2075 891; x_wconf 94' lang='lat' dir='ltr'><strong>quo</strong></span> <span class='ocrx_word' id='word_1_45' title='bbox 2113 814 2188 873; x_wconf 83' lang='lat' dir='ltr'><strong>sit</strong></span> <span class='ocrx_word' id='word_1_46' title='bbox 2221 816 2452 874; x_wconf 82' lang='lat' dir='ltr'><strong>eximia</strong></span> <span class='ocrx_word' id='word_1_47' title='bbox 2546 872 2557 882; x_wconf 83' lang='grc'><em>,</em></span> 
     </span>
     <span class='ocr_line' id='line_1_7' title="bbox 468 890 2451 982; baseline 0.002 -34"><span class='ocrx_word' id='word_1_48' title='bbox 468 890 601 948; x_wconf 87' lang='lat' dir='ltr'><strong>belli</strong></span> <span class='ocrx_word' id='word_1_49' title='bbox 629 890 890 963; x_wconf 87' lang='lat' dir='ltr'><strong>scientia,</strong></span> <span class='ocrx_word' id='word_1_50' title='bbox 920 893 1232 982; x_wconf 60' lang='lat' dir='ltr'><strong>singularis⁴</strong></span> <span class='ocrx_word' id='word_1_51' title='bbox 1265 892 1462 964; x_wconf 87' lang='lat' dir='ltr'><strong>virtus,</strong></span> <span class='ocrx_word' id='word_1_52' title='bbox 1491 892 1810 951; x_wconf 89' lang='lat' dir='ltr'><strong>clarissima</strong></span> <span class='ocrx_word' id='word_1_53' title='bbox 1842 893 2169 965; x_wconf 53' lang='lat' dir='ltr'><strong>auctorita,</strong></span> <span class='ocrx_word' id='word_1_54' title='bbox 2197 895 2451 972; x_wconf 84' lang='lat' dir='ltr'><strong>egregia</strong></span> 
     </span>
     <span class='ocr_line' id='line_1_8' title="bbox 468 969 2450 1049; baseline 0.003 -24"><span class='ocrx_word' id='word_1_55' title='bbox 468 969 723 1038; x_wconf 81' lang='lat' dir='ltr'><strong>sortuna;</strong></span> <span class='ocrx_word' id='word_1_56' title='bbox 772 970 1126 1043; x_wconf 69' lang='lat' dir='ltr'><strong>dubitabntis,</strong></span> <span class='ocrx_word' id='word_1_57' title='bbox 1165 971 1450 1042; x_wconf 81' lang='lat' dir='ltr'><strong>Quirites,</strong></span> <span class='ocrx_word' id='word_1_58' title='bbox 1493 970 1632 1046; x_wconf 87' lang='lat' dir='ltr'><strong>quin</strong></span> <span class='ocrx_word' id='word_1_59' title='bbox 1673 972 1783 1029; x_wconf 87' lang='lat' dir='ltr'><strong>hoc</strong></span> <span class='ocrx_word' id='word_1_60' title='bbox 1821 981 2043 1029; x_wconf 90' lang='lat' dir='ltr'><strong>tantum</strong></span> <span class='ocrx_word' id='word_1_61' title='bbox 2084 973 2239 1043; x_wconf 89' lang='lat' dir='ltr'><strong>boni,</strong></span> <span class='ocrx_word' id='word_1_62' title='bbox 2283 973 2450 1049; x_wconf 90' lang='lat' dir='ltr'><strong>quod</strong></span> 
     </span>
     <span class='ocr_line' id='line_1_9' title="bbox 466 1047 2449 1128; baseline 0.003 -26"><span class='ocrx_word' id='word_1_63' title='bbox 466 1048 625 1105; x_wconf 80' lang='lat' dir='ltr'><strong>vobis</strong></span> <span class='ocrx_word' id='word_1_64' title='bbox 652 1066 687 1105; x_wconf 90' lang='lat' dir='ltr'><strong>a</strong></span> <span class='ocrx_word' id='word_1_65' title='bbox 713 1047 841 1105; x_wconf 91' lang='lat' dir='ltr'><strong>Diis</strong></span> <span class='ocrx_word' id='word_1_66' title='bbox 870 1048 1283 1107; x_wconf 78' lang='lat' dir='ltr'>immortalibus</span> <span class='ocrx_word' id='word_1_67' title='bbox 1314 1049 1575 1108; x_wconf 82' lang='lat' dir='ltr'><strong>&#39;oblatum</strong></span> <span class='ocrx_word' id='word_1_68' title='bbox 1614 1061 1673 1108; x_wconf 90' lang='lat' dir='ltr'><strong>et</strong></span> <span class='ocrx_word' id='word_1_69' title='bbox 1711 1051 1909 1108; x_wconf 91' lang='lat' dir='ltr'><strong>datum</strong></span> <span class='ocrx_word' id='word_1_70' title='bbox 1950 1061 2056 1122; x_wconf 90' lang='lat' dir='ltr'><strong>est,</strong></span> <span class='ocrx_word' id='word_1_71' title='bbox 2086 1051 2146 1109; x_wconf 92' lang='lat' dir='ltr'><strong>in</strong></span> <span class='ocrx_word' id='word_1_72' title='bbox 2172 1051 2449 1128; x_wconf 89' lang='lat' dir='ltr'><strong>rempub-</strong></span> 
     </span>
     <span class='ocr_line' id='line_1_10' title="bbox 466 1106 2360 1205; baseline 0.003 -23"><span class='ocrx_word' id='word_1_73' title='bbox 466 1106 1115 1186; x_wconf 68' lang='lat' dir='ltr'><strong>110am·80nservandam</strong></span> <span class='ocrx_word' id='word_1_74' title='bbox 1146 1139 1315 1202; x_wconf 82' lang='lat' dir='ltr'><strong>atque</strong></span> <span class='ocrx_word' id='word_1_75' title='bbox 1345 1128 1805 1205; x_wconf 73' lang='lat' dir='ltr'><strong>amplificandam</strong></span> <span class='ocrx_word' id='word_1_76' title='bbox 1833 1129 2180 1188; x_wconf 62' lang='lat' dir='ltr'><strong>conferatis?</strong></span> <span class='ocrx_word' id='word_1_77' title='bbox 2354 1142 2360 1147; x_wconf 87' lang='lat'><strong>·</strong></span> 
     </span>
     <span class='ocr_line' id='line_1_11' title="bbox 364 1203 2446 1284; baseline 0.005 -28"><span class='ocrx_word' id='word_1_78' title='bbox 364 1203 433 1257; x_wconf 90' lang='lat'><strong>10</strong></span> <span class='ocrx_word' id='word_1_79' title='bbox 546 1204 747 1262; x_wconf 83' lang='lat' dir='ltr'>XVII.</span> <span class='ocrx_word' id='word_1_80' title='bbox 788 1204 971 1267; x_wconf 77' lang='lat' dir='ltr'><strong>Quod</strong></span> <span class='ocrx_word' id='word_1_81' title='bbox 1012 1206 1060 1264; x_wconf 89' lang='lat' dir='ltr'><strong>si</strong></span> <span class='ocrx_word' id='word_1_82' title='bbox 1102 1206 1306 1265; x_wconf 85' lang='lat' dir='ltr'><strong>Romae</strong></span> <span class='ocrx_word' id='word_1_83' title='bbox 1348 1207 1457 1264; x_wconf 89' lang='lat' dir='ltr'><strong>Cn.</strong></span> <span class='ocrx_word' id='word_1_84' title='bbox 1501 1206 1806 1284; x_wconf 89' lang='lat' dir='ltr'><strong>Pompeius</strong></span> <span class='ocrx_word' id='word_1_85' title='bbox 1842 1208 2094 1283; x_wconf 86' lang='lat' dir='ltr'><strong>privatus</strong></span> <span class='ocrx_word' id='word_1_86' title='bbox 2132 1216 2285 1266; x_wconf 89' lang='lat' dir='ltr'><strong>esset</strong></span> <span class='ocrx_word' id='word_1_87' title='bbox 2322 1208 2446 1266; x_wconf 88' lang='lat' dir='ltr'><strong>hoc</strong></span> 
     </span>
     <span class='ocr_line' id='line_1_12' title="bbox 466 1285 2446 1363; baseline 0.003 -24"><span class='ocrx_word' id='word_1_88' title='bbox 466 1293 751 1359; x_wconf 81' lang='lat' dir='ltr'><strong>tempore3</strong></span> <span class='ocrx_word' id='word_1_89' title='bbox 792 1296 986 1343; x_wconf 89' lang='lat' dir='ltr'><strong>tamen</strong></span> <span class='ocrx_word' id='word_1_90' title='bbox 1016 1286 1087 1342; x_wconf 87' lang='lat' dir='ltr'><strong>ad</strong></span> <span class='ocrx_word' id='word_1_91' title='bbox 1115 1295 1337 1342; x_wconf 91' lang='lat' dir='ltr'><strong>tantum</strong></span> <span class='ocrx_word' id='word_1_92' title='bbox 1379 1285 1594 1343; x_wconf 90' lang='lat' dir='ltr'><strong>bellum</strong></span> <span class='ocrx_word' id='word_1_93' title='bbox 1633 1286 1682 1344; x_wconf 91' lang='lat' dir='ltr'><strong>is</strong></span> <span class='ocrx_word' id='word_1_94' title='bbox 1720 1297 1845 1343; x_wconf 91' lang='lat' dir='ltr'><strong>erat</strong></span> <span class='ocrx_word' id='word_1_95' title='bbox 1883 1286 2222 1363; x_wconf 87' lang='lat' dir='ltr'><strong>deligendus</strong></span> <span class='ocrx_word' id='word_1_96' title='bbox 2262 1296 2446 1362; x_wconf 83' lang='lat' dir='ltr'><strong>atque</strong></span> 
     </span>
     <span class='ocr_line' id='line_1_13' title="bbox 468 1361 2443 1434; baseline 0.003 -16"><span class='ocrx_word' id='word_1_97' title='bbox 468 1361 795 1420; x_wconf 88' lang='lat' dir='ltr'><strong>mittendus.</strong></span> <span class='ocrx_word' id='word_1_98' title='bbox 878 1362 1076 1434; x_wconf 89' lang='lat' dir='ltr'><strong>Nunc,</strong></span> <span class='ocrx_word' id='word_1_99' title='bbox 1118 1361 1255 1421; x_wconf 75' lang='lat' dir='ltr'><strong>cum</strong></span> <span class='ocrx_word' id='word_1_100' title='bbox 1297 1364 1371 1421; x_wconf 92' lang='lat' dir='ltr'><strong>ad</strong></span> <span class='ocrx_word' id='word_1_101' title='bbox 1412 1374 1650 1422; x_wconf 84' lang='lat' dir='ltr'><strong>caeteras</strong></span> <span class='ocrx_word' id='word_1_102' title='bbox 1702 1383 1953 1422; x_wconf 88' lang='lat' dir='ltr'><strong>summas</strong></span> <span class='ocrx_word' id='word_1_103' title='bbox 1995 1365 2267 1422; x_wconf 85' lang='lat' dir='ltr'><strong>utilitates</strong></span> <span class='ocrx_word' id='word_1_104' title='bbox 2308 1366 2443 1423; x_wconf 84' lang='lat' dir='ltr'><strong>haec</strong></span> 
     </span>
     <span class='ocr_line' id='line_1_14' title="bbox 469 1441 2446 1519; baseline 0.003 -23"><span class='ocrx_word' id='word_1_105' title='bbox 469 1459 693 1514; x_wconf 92' lang='lat' dir='ltr'><strong>quoque</strong></span> <span class='ocrx_word' id='word_1_106' title='bbox 730 1442 1118 1517; x_wconf 82' lang='lat' dir='ltr'><strong>opportunitas</strong></span> <span class='ocrx_word' id='word_1_107' title='bbox 1158 1441 1522 1519; x_wconf 87' lang='lat' dir='ltr'><strong>adjungatur,</strong></span> <span class='ocrx_word' id='word_1_108' title='bbox 1552 1454 1615 1500; x_wconf 90' lang='lat' dir='ltr'><strong>ut</strong></span> <span class='ocrx_word' id='word_1_109' title='bbox 1656 1443 1713 1501; x_wconf 89' lang='lat' dir='ltr'><strong>in</strong></span> <span class='ocrx_word' id='word_1_110' title='bbox 1743 1442 1815 1500; x_wconf 88' lang='lat' dir='ltr'><strong>iis</strong></span> <span class='ocrx_word' id='word_1_111' title='bbox 1843 1443 1978 1519; x_wconf 89' lang='lat' dir='ltr'><strong>ipsis</strong></span> <span class='ocrx_word' id='word_1_112' title='bbox 2004 1443 2146 1501; x_wconf 89' lang='lat' dir='ltr'><strong>locis</strong></span> <span class='ocrx_word' id='word_1_113' title='bbox 2174 1443 2340 1514; x_wconf 90' lang='lat' dir='ltr'><strong>adsit,</strong></span> <span class='ocrx_word' id='word_1_114' title='bbox 2372 1454 2446 1501; x_wconf 86' lang='lat' dir='ltr'><strong>ut</strong></span> 
     </span>
     <span class='ocr_line' id='line_1_15' title="bbox 467 1518 2445 1598; baseline 0.002 -23"><span class='ocrx_word' id='word_1_115' title='bbox 467 1518 676 1575; x_wconf 86' lang='lat' dir='ltr'><strong>habeat</strong></span> <span class='ocrx_word' id='word_1_116' title='bbox 702 1519 1038 1590; x_wconf 84' lang='lat' dir='ltr'><strong>exercitum,</strong></span> <span class='ocrx_word' id='word_1_117' title='bbox 1067 1529 1131 1577; x_wconf 90' lang='lat' dir='ltr'><strong>ut</strong></span> <span class='ocrx_word' id='word_1_118' title='bbox 1171 1520 1244 1577; x_wconf 92' lang='lat' dir='ltr'><strong>ab</strong></span> <span class='ocrx_word' id='word_1_119' title='bbox 1285 1521 1375 1592; x_wconf 88' lang='lat' dir='ltr'><strong>iis,</strong></span> <span class='ocrx_word' id='word_1_120' title='bbox 1405 1521 1503 1596; x_wconf 90' lang='lat' dir='ltr'><strong>qui</strong></span> <span class='ocrx_word' id='word_1_121' title='bbox 1540 1522 1772 1592; x_wconf 85' lang='lat' dir='ltr'><strong>habent,</strong></span> <span class='ocrx_word' id='word_1_122' title='bbox 1804 1521 2065 1598; x_wconf 85' lang='lat' dir='ltr'><strong>accipere</strong></span> <span class='ocrx_word' id='word_1_123' title='bbox 2092 1522 2282 1579; x_wconf 90' lang='lat' dir='ltr'><strong>statim</strong></span> <span class='ocrx_word' id='word_1_124' title='bbox 2310 1541 2445 1598; x_wconf 89' lang='lat' dir='ltr'><strong>pos-</strong></span> 
     </span>
     <span class='ocr_line' id='line_1_16' title="bbox 369 1596 2446 1674; baseline 0.003 -23"><span class='ocrx_word' id='word_1_125' title='bbox 369 1596 432 1650; x_wconf 89' lang='lat'><strong>15</strong></span> <span class='ocrx_word' id='word_1_126' title='bbox 467 1597 572 1666; x_wconf 88' lang='lat' dir='ltr'><strong>sit;</strong></span> <span class='ocrx_word' id='word_1_127' title='bbox 615 1596 752 1671; x_wconf 88' lang='lat' dir='ltr'><strong>quid</strong></span> <span class='ocrx_word' id='word_1_128' title='bbox 779 1599 1215 1674; x_wconf 67' lang='lat' dir='ltr'><strong>exspectamus?</strong></span> <span class='ocrx_word' id='word_1_129' title='bbox 1261 1610 1360 1656; x_wconf 91' lang='lat' dir='ltr'><strong>aut</strong></span> <span class='ocrx_word' id='word_1_130' title='bbox 1386 1619 1491 1657; x_wconf 92' lang='lat' dir='ltr'><strong>cur</strong></span> <span class='ocrx_word' id='word_1_131' title='bbox 1517 1620 1652 1671; x_wconf 90' lang='lat' dir='ltr'><strong>non,</strong></span> <span class='ocrx_word' id='word_1_132' title='bbox 1675 1600 1920 1659; x_wconf 88' lang='lat' dir='ltr'><strong>ducibus</strong></span> <span class='ocrx_word' id='word_1_133' title='bbox 1947 1600 2077 1657; x_wconf 89' lang='lat' dir='ltr'><strong>Diis</strong></span> <span class='ocrx_word' id='word_1_134' title='bbox 2107 1600 2446 1658; x_wconf 85' lang='lat' dir='ltr'><strong>immortali-</strong></span> 
     </span>
     <span class='ocr_line' id='line_1_17' title="bbox 470 1675 2446 1755; baseline 0.003 -24"><span class='ocrx_word' id='word_1_135' title='bbox 470 1676 594 1746; x_wconf 88' lang='lat' dir='ltr'><strong>bus,</strong></span> <span class='ocrx_word' id='word_1_136' title='bbox 623 1675 831 1746; x_wconf 87' lang='lat' dir='ltr'><strong>eidem‚</strong></span> <span class='ocrx_word' id='word_1_137' title='bbox 860 1676 955 1733; x_wconf 89' lang='lat' dir='ltr'><strong>cui</strong></span> <span class='ocrx_word' id='word_1_138' title='bbox 997 1687 1226 1748; x_wconf 82' lang='lat' dir='ltr'><strong>caetera,</strong></span> <span class='ocrx_word' id='word_1_139' title='bbox 1255 1678 1481 1734; x_wconf 73' lang='lat' dir='ltr'><strong>summa</strong></span> <span class='ocrx_word' id='word_1_140' title='bbox 1509 1697 1642 1736; x_wconf 91' lang='lat' dir='ltr'><strong>cum</strong></span> <span class='ocrx_word' id='word_1_141' title='bbox 1678 1679 1862 1736; x_wconf 86' lang='lat' dir='ltr'><strong>salute</strong></span> <span class='ocrx_word' id='word_1_142' title='bbox 1902 1678 2249 1755; x_wconf 85' lang='lat' dir='ltr'><strong>reipublicae,</strong></span> <span class='ocrx_word' id='word_1_143' title='bbox 2281 1698 2446 1737; x_wconf 88' lang='lat' dir='ltr'><strong>com-</strong></span> 
     </span>
     <span class='ocr_line' id='line_1_18' title="bbox 466 1753 2178 1834; baseline 0.002 -24"><span class='ocrx_word' id='word_1_144' title='bbox 466 1753 643 1811; x_wconf 89' lang='lat' dir='ltr'><strong>missa</strong></span> <span class='ocrx_word' id='word_1_145' title='bbox 669 1765 819 1825; x_wconf 88' lang='lat' dir='ltr'><strong>sunt,</strong></span> <span class='ocrx_word' id='word_1_146' title='bbox 850 1755 959 1812; x_wconf 90' lang='lat' dir='ltr'><strong>hoc</strong></span> <span class='ocrx_word' id='word_1_147' title='bbox 987 1775 1210 1831; x_wconf 92' lang='lat' dir='ltr'><strong>quoque</strong></span> <span class='ocrx_word' id='word_1_148' title='bbox 1239 1757 1452 1813; x_wconf 93' lang='lat' dir='ltr'><strong>bellum</strong></span> <span class='ocrx_word' id='word_1_149' title='bbox 1480 1757 1701 1834; x_wconf 86' lang='lat' dir='ltr'><strong>regium</strong></span> <span class='ocrx_word' id='word_1_150' title='bbox 1731 1756 2178 1815; x_wconf 53' lang='lat' dir='ltr'><strong>committimus&amp;</strong></span> 
     </span>
     <span class='ocr_line' id='line_1_19' title="bbox 546 1833 2444 1911; baseline 0.003 -22"><span class='ocrx_word' id='word_1_151' title='bbox 546 1833 628 1890; x_wconf 82' lang='lat' dir='ltr'><strong>At</strong></span> <span class='ocrx_word' id='word_1_152' title='bbox 666 1833 821 1890; x_wconf 84' lang='lat' dir='ltr'><strong>enim</strong></span> <span class='ocrx_word' id='word_1_153' title='bbox 861 1833 945 1890; x_wconf 80' lang='lat' dir='ltr'><strong>vir</strong></span> <span class='ocrx_word' id='word_1_154' title='bbox 986 1834 1356 1906; x_wconf 89' lang='lat' dir='ltr'><strong>clarissimus,</strong></span> <span class='ocrx_word' id='word_1_155' title='bbox 1392 1834 1814 1893; x_wconf 88' lang='lat' dir='ltr'><strong>amantissimus</strong></span> <span class='ocrx_word' id='word_1_156' title='bbox 1854 1834 2202 1911; x_wconf 82' lang='lat' dir='ltr'><strong>reipublicae‚</strong></span> <span class='ocrx_word' id='word_1_157' title='bbox 2229 1836 2444 1894; x_wconf 86' lang='lat' dir='ltr'><strong>vestris</strong></span> 
     </span>
     <span class='ocr_line' id='line_1_20' title="bbox 466 1911 2444 1988; baseline 0.003 -21"><span class='ocrx_word' id='word_1_158' title='bbox 466 1911 764 1968; x_wconf 83' lang='lat' dir='ltr'><strong>beneficiis</strong></span> <span class='ocrx_word' id='word_1_159' title='bbox 805 1912 1166 1987; x_wconf 86' lang='lat' dir='ltr'><strong>amplissimis</strong></span> <span class='ocrx_word' id='word_1_160' title='bbox 1208 1913 1464 1985; x_wconf 85' lang='lat' dir='ltr'><strong>affectus,</strong></span> <span class='ocrx_word' id='word_1_161' title='bbox 1500 1914 1581 1976; x_wconf 81' lang='lat' dir='ltr'><strong>Q.</strong></span> <span class='ocrx_word' id='word_1_162' title='bbox 1611 1914 1873 1985; x_wconf 85' lang='lat' dir='ltr'><strong>Catulus,</strong></span> <span class='ocrx_word' id='word_1_163' title='bbox 1903 1915 2153 1988; x_wconf 88' lang='lat' dir='ltr'><strong>itemque</strong></span> <span class='ocrx_word' id='word_1_164' title='bbox 2192 1915 2444 1972; x_wconf 87' lang='lat' dir='ltr'><strong>summis</strong></span> 
     </span>
     <span class='ocr_line' id='line_1_21' title="bbox 360 1990 2440 2070; baseline 0.001 -21"><span class='ocrx_word' id='word_1_165' title='bbox 360 1994 432 2049; x_wconf 77' lang='lat'><strong>20</strong></span> <span class='ocrx_word' id='word_1_166' title='bbox 465 1990 814 2048; x_wconf 88' lang='lat' dir='ltr'><strong>ornamentis</strong></span> <span class='ocrx_word' id='word_1_167' title='bbox 857 1991 1104 2063; x_wconf 87' lang='lat' dir='ltr'><strong>honoris,</strong></span> <span class='ocrx_word' id='word_1_168' title='bbox 1150 1991 1408 2064; x_wconf 86' lang='lat' dir='ltr'><strong>fortunae,</strong></span> <span class='ocrx_word' id='word_1_169' title='bbox 1456 1993 1699 2064; x_wconf 86' lang='lat' dir='ltr'><strong>virtutis,</strong></span> <span class='ocrx_word' id='word_1_170' title='bbox 1748 1992 1965 2070; x_wconf 86' lang='lat' dir='ltr'><strong>ingenii</strong></span> <span class='ocrx_word' id='word_1_171' title='bbox 2015 1992 2306 2068; x_wconf 76' lang='lat' dir='ltr'><strong>praeditus,</strong></span> <span class='ocrx_word' id='word_1_172' title='bbox 2348 1993 2440 2054; x_wconf 80' lang='lat' dir='ltr'><strong>Q.</strong></span> 
     </span>
     <span class='ocr_line' id='line_1_22' title="bbox 466 2069 2444 2148; baseline 0.002 -22"><span class='ocrx_word' id='word_1_173' title='bbox 466 2069 829 2140; x_wconf 87' lang='lat' dir='ltr'><strong>Hortensius,</strong></span> <span class='ocrx_word' id='word_1_174' title='bbox 859 2071 933 2127; x_wconf 90' lang='lat' dir='ltr'><strong>ab</strong></span> <span class='ocrx_word' id='word_1_175' title='bbox 962 2071 1072 2129; x_wconf 90' lang='lat' dir='ltr'><strong>hac</strong></span> <span class='ocrx_word' id='word_1_176' title='bbox 1100 2071 1318 2128; x_wconf 89' lang='lat' dir='ltr'><strong>ratione</strong></span> <span class='ocrx_word' id='word_1_177' title='bbox 1346 2070 1721 2129; x_wconf 88' lang='lat' dir='ltr'><strong>dissentiunt:</strong></span> <span class='ocrx_word' id='word_1_178' title='bbox 1764 2090 2001 2146; x_wconf 91' lang='lat' dir='ltr'><strong>quorum</strong></span> <span class='ocrx_word' id='word_1_179' title='bbox 2042 2090 2165 2148; x_wconf 84' lang='lat' dir='ltr'><strong>ego.</strong></span> <span class='ocrx_word' id='word_1_180' title='bbox 2189 2072 2444 2129; x_wconf 87' lang='lat' dir='ltr'><strong>auctori-</strong></span> 
     </span>
     <span class='ocr_line' id='line_1_23' title="bbox 465 2148 2444 2227; baseline 0.002 -22"><span class='ocrx_word' id='word_1_181' title='bbox 465 2158 641 2205; x_wconf 88' lang='lat' dir='ltr'><strong>tatem</strong></span> <span class='ocrx_word' id='word_1_182' title='bbox 685 2149 832 2225; x_wconf 90' lang='lat' dir='ltr'><strong>apud</strong></span> <span class='ocrx_word' id='word_1_183' title='bbox 874 2168 971 2212; x_wconf 79' lang='lat' dir='ltr'><strong>vos</strong></span> <span class='ocrx_word' id='word_1_184' title='bbox 1024 2149 1217 2207; x_wconf 88' lang='lat' dir='ltr'><strong>multis</strong></span> <span class='ocrx_word' id='word_1_185' title='bbox 1269 2149 1413 2208; x_wconf 91' lang='lat' dir='ltr'><strong>locis</strong></span> <span class='ocrx_word' id='word_1_186' title='bbox 1463 2148 1773 2227; x_wconf 75' lang='lat' dir='ltr'><strong>plurimum</strong></span> <span class='ocrx_word' id='word_1_187' title='bbox 1824 2149 2090 2221; x_wconf 86' lang='lat' dir='ltr'><strong>valuisse,</strong></span> <span class='ocrx_word' id='word_1_188' title='bbox 2131 2159 2190 2207; x_wconf 89' lang='lat' dir='ltr'><strong>et</strong></span> <span class='ocrx_word' id='word_1_189' title='bbox 2240 2150 2444 2208; x_wconf 82' lang='lat' dir='ltr'><strong>valere</strong></span> 
     </span>
     <span class='ocr_line' id='line_1_24' title="bbox 463 2228 2443 2305; baseline 0.002 -19"><span class='ocrx_word' id='word_1_190' title='bbox 463 2239 740 2305; x_wconf 85' lang='lat' dir='ltr'><strong>oportere,</strong></span> <span class='ocrx_word' id='word_1_191' title='bbox 784 2229 1087 2299; x_wconf 83' lang='lat' dir='ltr'><strong>confiteor;</strong></span> <span class='ocrx_word' id='word_1_192' title='bbox 1143 2229 1243 2287; x_wconf 90' lang='lat' dir='ltr'><strong>sed</strong></span> <span class='ocrx_word' id='word_1_193' title='bbox 1299 2229 1359 2287; x_wconf 90' lang='lat' dir='ltr'><strong>in</strong></span> <span class='ocrx_word' id='word_1_194' title='bbox 1413 2230 1524 2287; x_wconf 87' lang='lat' dir='ltr'><strong>hac</strong></span> <span class='ocrx_word' id='word_1_195' title='bbox 1579 2229 1775 2300; x_wconf 71' lang='lat' dir='ltr'><strong>causa,</strong></span> <span class='ocrx_word' id='word_1_196' title='bbox 1816 2228 2045 2286; x_wconf 81' lang='lat' dir='ltr'><strong>tametsi</strong></span> <span class='ocrx_word' id='word_1_197' title='bbox 2085 2228 2443 2304; x_wconf 71' lang='lat' dir='ltr'><strong>cognoscitis</strong></span> 
     </span>
     <span class='ocr_line' id='line_1_25' title="bbox 467 2306 2443 2380; baseline 0.002 -18"><span class='ocrx_word' id='word_1_198' title='bbox 467 2306 835 2363; x_wconf 86' lang='lat' dir='ltr'><strong>auctoritates</strong></span> <span class='ocrx_word' id='word_1_199' title='bbox 875 2308 1188 2365; x_wconf 89' lang='lat' dir='ltr'><strong>contrarias</strong></span> <span class='ocrx_word' id='word_1_200' title='bbox 1228 2308 1478 2365; x_wconf 84' lang='lat' dir='ltr'><strong>virorum</strong></span> <span class='ocrx_word' id='word_1_201' title='bbox 1527 2307 1955 2380; x_wconf 81' lang='lat' dir='ltr'><strong>fortissimorum</strong></span> <span class='ocrx_word' id='word_1_202' title='bbox 1995 2317 2054 2364; x_wconf 85' lang='lat' dir='ltr'><strong>et</strong></span> <span class='ocrx_word' id='word_1_203' title='bbox 2071 2306 2443 2367; x_wconf 78' lang='lat' dir='ltr'><strong>-clarissimo-</strong></span> 
     </span>
     <span class='ocr_line' id='line_1_26' title="bbox 359 2385 2442 2475; baseline 0.001 -34"><span class='ocrx_word' id='word_1_204' title='bbox 359 2388 431 2441; x_wconf 78' lang='lat'><strong>25</strong></span> <span class='ocrx_word' id='word_1_205' title='bbox 466 2403 614 2454; x_wconf 88' lang='lat' dir='ltr'><strong>rum,</strong></span> <span class='ocrx_word' id='word_1_206' title='bbox 642 2395 856 2453; x_wconf 87' lang='lat' dir='ltr'><strong>tamen,</strong></span> <span class='ocrx_word' id='word_1_207' title='bbox 883 2385 1107 2442; x_wconf 88' lang='lat' dir='ltr'><strong>omissis</strong></span> <span class='ocrx_word' id='word_1_208' title='bbox 1149 2386 1602 2454; x_wconf 79' lang='lat' dir='ltr'><strong>auctoritatibus,</strong></span> <span class='ocrx_word' id='word_1_209' title='bbox 1633 2386 1752 2463; x_wconf 70' lang='lat' dir='ltr'><strong>ipsa</strong></span> <span class='ocrx_word' id='word_1_210' title='bbox 1795 2406 1856 2443; x_wconf 91' lang='lat' dir='ltr'><strong>re</strong></span> <span class='ocrx_word' id='word_1_211' title='bbox 1896 2396 1954 2444; x_wconf 87' lang='lat' dir='ltr'><strong>et</strong></span> <span class='ocrx_word' id='word_1_212' title='bbox 2084 2386 2138 2443; x_wconf 84' lang='lat' dir='ltr'><strong>io</strong></span> <span class='ocrx_word' id='word_1_213' title='bbox 2238 2386 2442 2475; x_wconf 77' lang='lat' dir='ltr'><strong>exqui-</strong></span> 
     </span>
    </p>
   </div>
   <div class='ocr_carea' id='block_1_3' title="bbox 46 2428 2439 2821">
    <p class='ocr_par' dir='ltr' id='par_1_3' title="bbox 46 2428 2439 2821">
     <span class='ocr_line' id='line_1_27' title="bbox 46 2428 2438 2821; baseline 0.002 -303"><span class='ocrx_word' id='word_1_214' title='bbox 46 2428 455 2821; x_wconf 46' lang='grc' dir='ltr'><em>β</em></span> <span class='ocrx_word' id='word_1_215' title='bbox 467 2482 592 2519; x_wconf 91' lang='lat' dir='ltr'><strong>rere</strong></span> <span class='ocrx_word' id='word_1_216' title='bbox 632 2481 929 2537; x_wconf 89' lang='lat' dir='ltr'><strong>possumus</strong></span> <span class='ocrx_word' id='word_1_217' title='bbox 956 2463 1282 2534; x_wconf 80' lang='lat' dir='ltr'><strong>veritatem3</strong></span> <span class='ocrx_word' id='word_1_218' title='bbox 1327 2475 1497 2539; x_wconf 89' lang='lat' dir='ltr'><strong>atque</strong></span> <span class='ocrx_word' id='word_1_219' title='bbox 1526 2466 1635 2523; x_wconf 87' lang='lat' dir='ltr'><strong>hoc</strong></span> <span class='ocrx_word' id='word_1_220' title='bbox 1664 2463 1910 2536; x_wconf 73' lang='lat' dir='ltr'><strong>facilius,</strong></span> <span class='ocrx_word' id='word_1_221' title='bbox 1938 2463 2050 2540; x_wconf 75' lang='lat' dir='ltr'><strong>quo</strong></span> <span class='ocrx_word' id='word_1_222' title='bbox 2120 2484 2190 2522; x_wconf 91' lang='lat' dir='ltr'><strong>ea</strong></span> <span class='ocrx_word' id='word_1_223' title='bbox 2215 2483 2438 2536; x_wconf 78' lang='lat' dir='ltr'><strong>omnia,</strong></span> 
     </span>
     <span class='ocr_line' id='line_1_28' title="bbox 467 2540 2439 2616; baseline 0.003 -21"><span class='ocrx_word' id='word_1_224' title='bbox 467 2559 593 2614; x_wconf 84' lang='lat' dir='ltr'><strong>quae</strong></span> <span class='ocrx_word' id='word_1_225' title='bbox 623 2540 814 2596; x_wconf 91' lang='lat' dir='ltr'><strong>adhuc</strong></span> <span class='ocrx_word' id='word_1_226' title='bbox 845 2558 878 2596; x_wconf 85' lang='lat' dir='ltr'><strong>a</strong></span> <span class='ocrx_word' id='word_1_227' title='bbox 906 2559 998 2598; x_wconf 90' lang='lat' dir='ltr'><strong>me</strong></span> <span class='ocrx_word' id='word_1_228' title='bbox 1025 2542 1182 2599; x_wconf 89' lang='lat' dir='ltr'><strong>dicta</strong></span> <span class='ocrx_word' id='word_1_229' title='bbox 1208 2554 1362 2612; x_wconf 87' lang='lat' dir='ltr'><strong>sunt,</strong></span> <span class='ocrx_word' id='word_1_230' title='bbox 1392 2544 1567 2601; x_wconf 87' lang='lat' dir='ltr'><strong>iidem</strong></span> <span class='ocrx_word' id='word_1_231' title='bbox 1608 2543 1701 2602; x_wconf 89' lang='lat' dir='ltr'><strong>isti</strong></span> <span class='ocrx_word' id='word_1_232' title='bbox 1744 2562 1877 2600; x_wconf 89' lang='lat' dir='ltr'><strong>vera</strong></span> <span class='ocrx_word' id='word_1_233' title='bbox 1915 2563 2041 2601; x_wconf 89' lang='lat' dir='ltr'><strong>esse</strong></span> <span class='ocrx_word' id='word_1_234' title='bbox 2083 2545 2439 2616; x_wconf 85' lang='lat' dir='ltr'><strong>concedunt,</strong></span> 
     </span>
     <span class='ocr_line' id='line_1_29' title="bbox 466 2617 2438 2706; baseline 0.003 -31"><span class='ocrx_word' id='word_1_235' title='bbox 466 2629 525 2675; x_wconf 90' lang='lat' dir='ltr'><strong>et</strong></span> <span class='ocrx_word' id='word_1_236' title='bbox 577 2617 965 2676; x_wconf 85' lang='lat' dir='ltr'><strong>necessarium</strong></span> <span class='ocrx_word' id='word_1_237' title='bbox 1023 2619 1233 2677; x_wconf 87' lang='lat' dir='ltr'><strong>bellum</strong></span> <span class='ocrx_word' id='word_1_238' title='bbox 1283 2642 1433 2693; x_wconf 90' lang='lat' dir='ltr'><strong>esse,</strong></span> <span class='ocrx_word' id='word_1_239' title='bbox 1474 2633 1532 2680; x_wconf 90' lang='lat' dir='ltr'><strong>et</strong></span> <span class='ocrx_word' id='word_1_240' title='bbox 1584 2640 1879 2700; x_wconf 89' lang='lat' dir='ltr'><strong>magnum,</strong></span> <span class='ocrx_word' id='word_1_241' title='bbox 1919 2633 1978 2680; x_wconf 89' lang='lat' dir='ltr'><strong>et</strong></span> <span class='ocrx_word' id='word_1_242' title='bbox 2031 2622 2091 2679; x_wconf 90' lang='lat' dir='ltr'><strong>in</strong></span> <span class='ocrx_word' id='word_1_243' title='bbox 2143 2640 2294 2706; x_wconf 61' lang='lat' dir='ltr'><strong>uno·</strong></span> <span class='ocrx_word' id='word_1_244' title='bbox 2319 2622 2438 2681; x_wconf 87' lang='lat' dir='ltr'><strong>Cn.</strong></span> 
     </span>
    </p>
   </div>
   <div class='ocr_carea' id='block_1_4' title="bbox 246 2696 2532 3878">
    <p class='ocr_par' dir='ltr' id='par_1_4' title="bbox 465 2696 2530 3088">
     <span class='ocr_line' id='line_1_30' title="bbox 466 2696 2394 2773; baseline 0.004 -19"><span class='ocrx_word' id='word_1_245' title='bbox 466 2696 737 2773; x_wconf 87' lang='lat' dir='ltr'><strong>Pompeio</strong></span> <span class='ocrx_word' id='word_1_246' title='bbox 765 2716 987 2755; x_wconf 88' lang='lat' dir='ltr'><strong>summa</strong></span> <span class='ocrx_word' id='word_1_247' title='bbox 1013 2718 1139 2756; x_wconf 87' lang='lat' dir='ltr'><strong>esse</strong></span> <span class='ocrx_word' id='word_1_248' title='bbox 1164 2701 1376 2758; x_wconf 86' lang='lat' dir='ltr'><strong>omnia.</strong></span> <span class='ocrx_word' id='word_1_249' title='bbox 1767 2756 1770 2759; x_wconf 76' lang='grc'><em>,</em></span> <span class='ocrx_word' id='word_1_250' title='bbox 2389 2742 2394 2747; x_wconf 91' lang='grc'>-</span> 
     </span>
     <span class='ocr_line' id='line_1_31' title="bbox 541 2776 2438 2853; baseline -0.001 -15"><span class='ocrx_word' id='word_1_251' title='bbox 541 2776 704 2838; x_wconf 79' lang='lat' dir='ltr'><strong>Quid</strong></span> <span class='ocrx_word' id='word_1_252' title='bbox 737 2776 909 2853; x_wconf 84' lang='lat' dir='ltr'><strong>igitur</strong></span> <span class='ocrx_word' id='word_1_253' title='bbox 939 2778 1016 2834; x_wconf 90' lang='lat' dir='ltr'><strong>ait</strong></span> <span class='ocrx_word' id='word_1_254' title='bbox 1046 2777 1431 2835; x_wconf 68' lang='lat' dir='ltr'><strong>Hortensius?</strong></span> <span class='ocrx_word' id='word_1_255' title='bbox 1500 2778 1566 2837; x_wconf 86' lang='lat' dir='ltr'><strong>Si</strong></span> <span class='ocrx_word' id='word_1_256' title='bbox 1594 2778 1696 2837; x_wconf 88' lang='lat' dir='ltr'><strong>uni</strong></span> <span class='ocrx_word' id='word_1_257' title='bbox 1720 2779 1916 2838; x_wconf 89' lang='lat' dir='ltr'><strong>omnia</strong></span> <span class='ocrx_word' id='word_1_258' title='bbox 1940 2778 2247 2837; x_wconf 86' lang='lat' dir='ltr'><strong>tribuenda</strong></span> <span class='ocrx_word' id='word_1_259' title='bbox 2275 2789 2438 2851; x_wconf 85' lang='lat' dir='ltr'><strong>sunt,</strong></span> 
     </span>
     <span class='ocr_line' id='line_1_32' title="bbox 467 2856 2442 2932; baseline 0.003 -21"><span class='ocrx_word' id='word_1_260' title='bbox 467 2874 646 2912; x_wconf 88' lang='lat' dir='ltr'><strong>unum</strong></span> <span class='ocrx_word' id='word_1_261' title='bbox 702 2856 1099 2931; x_wconf 88' lang='lat' dir='ltr'><strong>dignissimum</strong></span> <span class='ocrx_word' id='word_1_262' title='bbox 1141 2876 1267 2914; x_wconf 86' lang='lat' dir='ltr'><strong>esse</strong></span> <span class='ocrx_word' id='word_1_263' title='bbox 1321 2856 1690 2932; x_wconf 81' lang='lat' dir='ltr'><strong>Pompeium3</strong></span> <span class='ocrx_word' id='word_1_264' title='bbox 1758 2859 1859 2915; x_wconf 90' lang='lat' dir='ltr'><strong>sed</strong></span> <span class='ocrx_word' id='word_1_265' title='bbox 1901 2859 1974 2916; x_wconf 91' lang='lat' dir='ltr'><strong>ad</strong></span> <span class='ocrx_word' id='word_1_266' title='bbox 2016 2877 2194 2916; x_wconf 90' lang='lat' dir='ltr'><strong>unum</strong></span> <span class='ocrx_word' id='word_1_267' title='bbox 2233 2870 2442 2916; x_wconf 87' lang='lat' dir='ltr'><strong>tamen</strong></span> 
     </span>
     <span class='ocr_line' id='line_1_33' title="bbox 465 2933 2530 3012; baseline 0.002 -21"><span class='ocrx_word' id='word_1_268' title='bbox 465 2933 660 2991; x_wconf 88' lang='lat' dir='ltr'><strong>omnia</strong></span> <span class='ocrx_word' id='word_1_269' title='bbox 698 2933 905 2991; x_wconf 86' lang='lat' dir='ltr'><strong>deferri</strong></span> <span class='ocrx_word' id='word_1_270' title='bbox 947 2955 1060 2993; x_wconf 89' lang='lat' dir='ltr'><strong>non</strong></span> <span class='ocrx_word' id='word_1_271' title='bbox 1099 2947 1372 3012; x_wconf 88' lang='lat' dir='ltr'><strong>oportere.</strong></span> <span class='ocrx_word' id='word_1_272' title='bbox 1454 2934 1751 2995; x_wconf 78' lang='lat' dir='ltr'><strong>obsolevit</strong></span> <span class='ocrx_word' id='word_1_273' title='bbox 1771 2936 1918 3012; x_wconf 76' lang='lat' dir='ltr'><strong>,jam</strong></span> <span class='ocrx_word' id='word_1_274' title='bbox 1965 2937 2077 2994; x_wconf 89' lang='lat' dir='ltr'><strong>ista</strong></span> <span class='ocrx_word' id='word_1_275' title='bbox 2125 2938 2328 3007; x_wconf 87' lang='lat' dir='ltr'><strong>oratio,</strong></span> <span class='ocrx_word' id='word_1_276' title='bbox 2369 2956 2442 2995; x_wconf 86' lang='lat' dir='ltr'><strong>re</strong></span> <span class='ocrx_word' id='word_1_277' title='bbox 2521 3000 2530 3007; x_wconf 66' lang='lat'>‚</span> 
     </span>
     <span class='ocr_line' id='line_1_34' title="bbox 468 3011 2442 3088; baseline 0.003 -20"><span class='ocrx_word' id='word_1_278' title='bbox 468 3011 646 3069; x_wconf 74' lang='lat' dir='ltr'><strong>multo</strong></span> <span class='ocrx_word' id='word_1_279' title='bbox 689 3012 873 3088; x_wconf 89' lang='lat' dir='ltr'><strong>magis</strong></span> <span class='ocrx_word' id='word_1_280' title='bbox 913 3011 1084 3087; x_wconf 67' lang='lat' dir='ltr'><strong>quam</strong></span> <span class='ocrx_word' id='word_1_281' title='bbox 1125 3014 1312 3072; x_wconf 88' lang='lat' dir='ltr'><strong>verbis</strong></span> <span class='ocrx_word' id='word_1_282' title='bbox 1352 3015 1615 3072; x_wconf 89' lang='lat' dir='ltr'><strong>refutata.</strong></span> <span class='ocrx_word' id='word_1_283' title='bbox 1698 3015 1852 3074; x_wconf 88' lang='lat' dir='ltr'><strong>Nam</strong></span> <span class='ocrx_word' id='word_1_284' title='bbox 1880 3026 1942 3079; x_wconf 82' lang='lat' dir='ltr'><strong>tu</strong></span> <span class='ocrx_word' id='word_1_285' title='bbox 1972 3015 2144 3087; x_wconf 89' lang='lat' dir='ltr'><strong>idem,</strong></span> <span class='ocrx_word' id='word_1_286' title='bbox 2170 3015 2251 3077; x_wconf 79' lang='lat' dir='ltr'><strong>Q.</strong></span> <span class='ocrx_word' id='word_1_287' title='bbox 2282 3015 2442 3074; x_wconf 87' lang='lat' dir='ltr'><strong>Hor·-</strong></span> 
     </span>
    </p>

    <p class='ocr_par' dir='ltr' id='par_1_5' title="bbox 246 3091 2532 3721">
     <span class='ocr_line' id='line_1_35' title="bbox 246 3091 2446 3171; baseline 0.004 -26"><span class='ocrx_word' id='word_1_288' title='bbox 246 3135 289 3145; x_wconf 78' lang='grc'><strong>,-</strong></span> <span class='ocrx_word' id='word_1_289' title='bbox 467 3091 634 3162; x_wconf 87' lang='lat' dir='ltr'><strong>tensi,</strong></span> <span class='ocrx_word' id='word_1_290' title='bbox 677 3091 876 3163; x_wconf 89' lang='lat' dir='ltr'><strong>multa,</strong></span> <span class='ocrx_word' id='word_1_291' title='bbox 915 3112 1016 3169; x_wconf 93' lang='lat' dir='ltr'><strong>pro</strong></span> <span class='ocrx_word' id='word_1_292' title='bbox 1055 3093 1155 3149; x_wconf 73' lang='lat' dir='ltr'><strong>tua</strong></span> <span class='ocrx_word' id='word_1_293' title='bbox 1195 3094 1420 3150; x_wconf 66' lang='lat' dir='ltr'><strong>summa</strong></span> <span class='ocrx_word' id='word_1_294' title='bbox 1476 3093 1642 3170; x_wconf 70' lang='lat' dir='ltr'><strong>copia</strong></span> <span class='ocrx_word' id='word_1_295' title='bbox 1700 3113 1770 3152; x_wconf 87' lang='lat' dir='ltr'><strong>ac</strong></span> <span class='ocrx_word' id='word_1_296' title='bbox 1825 3093 2101 3171; x_wconf 88' lang='lat' dir='ltr'><strong>singulari</strong></span> <span class='ocrx_word' id='word_1_297' title='bbox 2159 3094 2446 3153; x_wconf 74' lang='lat' dir='ltr'><strong>facultate</strong></span> 
     </span>
     <span class='ocr_line' id='line_1_36' title="bbox 359 3169 2442 3245; baseline 0 -16"><span class='ocrx_word' id='word_1_298' title='bbox 359 3175 432 3229; x_wconf 84' lang='lat'><strong>35</strong></span> <span class='ocrx_word' id='word_1_299' title='bbox 468 3169 719 3240; x_wconf 85' lang='lat' dir='ltr'><strong>dicendi,</strong></span> <span class='ocrx_word' id='word_1_300' title='bbox 760 3180 843 3227; x_wconf 86' lang='lat' dir='ltr'><strong>et·</strong></span> <span class='ocrx_word' id='word_1_301' title='bbox 872 3170 931 3229; x_wconf 92' lang='lat' dir='ltr'><strong>in</strong></span> <span class='ocrx_word' id='word_1_302' title='bbox 985 3182 1187 3231; x_wconf 84' lang='lat' dir='ltr'><strong>senatu</strong></span> <span class='ocrx_word' id='word_1_303' title='bbox 1240 3182 1442 3230; x_wconf 91' lang='lat' dir='ltr'><strong>contra</strong></span> <span class='ocrx_word' id='word_1_304' title='bbox 1487 3173 1669 3230; x_wconf 86' lang='lat' dir='ltr'><strong>virum</strong></span> <span class='ocrx_word' id='word_1_305' title='bbox 1726 3174 1924 3231; x_wconf 87' lang='lat' dir='ltr'><strong>fortem</strong></span> <span class='ocrx_word' id='word_1_306' title='bbox 1979 3174 2053 3230; x_wconf 89' lang='lat' dir='ltr'><strong>A.</strong></span> <span class='ocrx_word' id='word_1_307' title='bbox 2094 3171 2442 3245; x_wconf 79' lang='lat' dir='ltr'><strong>Gabinium,</strong></span> 
     </span>
     <span class='ocr_line' id='line_1_37' title="bbox 466 3248 2450 3328; baseline 0.005 -24"><span class='ocrx_word' id='word_1_308' title='bbox 466 3248 711 3324; x_wconf 87' lang='lat' dir='ltr'><strong>graviter</strong></span> <span class='ocrx_word' id='word_1_309' title='bbox 737 3248 1053 3325; x_wconf 75' lang='lat' dir='ltr'><strong>ornateque</strong></span> <span class='ocrx_word' id='word_1_310' title='bbox 1093 3250 1304 3321; x_wconf 84' lang='lat' dir='ltr'><strong>dixisti,</strong></span> <span class='ocrx_word' id='word_1_311' title='bbox 1334 3248 1470 3309; x_wconf 72' lang='lat' dir='ltr'><strong>cum</strong></span> <span class='ocrx_word' id='word_1_312' title='bbox 1513 3251 1561 3308; x_wconf 88' lang='lat' dir='ltr'><strong>is</strong></span> <span class='ocrx_word' id='word_1_313' title='bbox 1601 3252 1672 3309; x_wconf 87' lang='lat' dir='ltr'><strong>de</strong></span> <span class='ocrx_word' id='word_1_314' title='bbox 1715 3270 1829 3309; x_wconf 91' lang='lat' dir='ltr'><strong>uno</strong></span> <span class='ocrx_word' id='word_1_315' title='bbox 1869 3251 2206 3328; x_wconf 85' lang='lat' dir='ltr'><strong>imperatore</strong></span> <span class='ocrx_word' id='word_1_316' title='bbox 2234 3261 2450 3313; x_wconf 71' lang='lat' dir='ltr'><strong>contra</strong></span> 
     </span>
     <span class='ocr_line' id='line_1_38' title="bbox 465 3328 2446 3409; baseline 0.003 -26"><span class='ocrx_word' id='word_1_317' title='bbox 465 3328 760 3402; x_wconf 59' lang='lat' dir='ltr'><strong>praedones</strong></span> <span class='ocrx_word' id='word_1_318' title='bbox 801 3329 1213 3387; x_wconf 77' lang='lat' dir='ltr'><strong>constituendo</strong></span> <span class='ocrx_word' id='word_1_319' title='bbox 1239 3328 1426 3404; x_wconf 88' lang='lat' dir='ltr'><strong>legem</strong></span> <span class='ocrx_word' id='word_1_320' title='bbox 1467 3330 1914 3407; x_wconf 68' lang='lat' dir='ltr'><strong>promulgasset3</strong></span> <span class='ocrx_word' id='word_1_321' title='bbox 1957 3341 2015 3388; x_wconf 89' lang='lat' dir='ltr'><strong>et</strong></span> <span class='ocrx_word' id='word_1_322' title='bbox 2056 3349 2128 3387; x_wconf 83' lang='lat' dir='ltr'><strong>ex</strong></span> <span class='ocrx_word' id='word_1_323' title='bbox 2166 3331 2292 3388; x_wconf 80' lang='lat' dir='ltr'><strong>hoc.</strong></span> <span class='ocrx_word' id='word_1_324' title='bbox 2316 3329 2446 3409; x_wconf 71' lang='lat' dir='ltr'><strong>ipsu</strong></span> 
     </span>
     <span class='ocr_line' id='line_1_39' title="bbox 466 3405 2466 3484; baseline 0.003 -21"><span class='ocrx_word' id='word_1_325' title='bbox 466 3405 595 3463; x_wconf 93' lang='lat' dir='ltr'><strong>loco</strong></span> <span class='ocrx_word' id='word_1_326' title='bbox 617 3407 902 3483; x_wconf 89' lang='lat' dir='ltr'><strong>permulta</strong></span> <span class='ocrx_word' id='word_1_327' title='bbox 943 3406 1078 3464; x_wconf 88' lang='lat' dir='ltr'><strong>item</strong></span> <span class='ocrx_word' id='word_1_328' title='bbox 1121 3417 1319 3464; x_wconf 89' lang='lat' dir='ltr'><strong>contra</strong></span> <span class='ocrx_word' id='word_1_329' title='bbox 1360 3408 1546 3484; x_wconf 86' lang='lat' dir='ltr'><strong>legem</strong></span> <span class='ocrx_word' id='word_1_330' title='bbox 1580 3428 1708 3465; x_wconf 90' lang='lat' dir='ltr'><strong>eam</strong></span> <span class='ocrx_word' id='word_1_331' title='bbox 1738 3410 1916 3466; x_wconf 89' lang='lat' dir='ltr'><strong>verba·</strong></span> <span class='ocrx_word' id='word_1_332' title='bbox 1937 3408 2140 3467; x_wconf 83' lang='lat' dir='ltr'><strong>fecisti.</strong></span> <span class='ocrx_word' id='word_1_333' title='bbox 2220 3406 2394 3471; x_wconf 78' lang='lat' dir='ltr'><strong>Quid</strong></span> <span class='ocrx_word' id='word_1_334' title='bbox 2407 3406 2466 3469; x_wconf 73' lang='lat' dir='ltr'><strong>&#39;t-</strong></span> 
     </span>
     <span class='ocr_line' id='line_1_40' title="bbox 468 3484 2318 3564; baseline 0.002 -23"><span class='ocrx_word' id='word_1_335' title='bbox 468 3495 589 3542; x_wconf 86' lang='lat' dir='ltr'><strong>tum</strong></span> <span class='ocrx_word' id='word_1_336' title='bbox 635 3485 761 3562; x_wconf 92' lang='lat' dir='ltr'><strong>(per</strong></span> <span class='ocrx_word' id='word_1_337' title='bbox 802 3485 957 3543; x_wconf 89' lang='lat' dir='ltr'><strong>Deos</strong></span> <span class='ocrx_word' id='word_1_338' title='bbox 998 3486 1407 3564; x_wconf 90' lang='lat' dir='ltr'><strong>immortales!)</strong></span> <span class='ocrx_word' id='word_1_339' title='bbox 1451 3485 1500 3542; x_wconf 89' lang='lat' dir='ltr'><strong>si</strong></span> <span class='ocrx_word' id='word_1_340' title='bbox 1539 3484 1667 3563; x_wconf 71' lang='lat' dir='ltr'><strong>plus</strong></span> <span class='ocrx_word' id='word_1_341' title='bbox 1709 3489 1855 3563; x_wconf 90' lang='lat' dir='ltr'><strong>apud</strong></span> <span class='ocrx_word' id='word_1_342' title='bbox 1897 3488 2165 3564; x_wconf 89' lang='lat' dir='ltr'><strong>populum</strong></span> <span class='ocrx_word' id='word_1_343' title='bbox 2219 3487 2318 3545; x_wconf 84' lang='lat' dir='ltr'><strong>Ro</strong></span> 
     </span>
     <span class='ocr_line' id='line_1_41' title="bbox 364 3500 2532 3721; baseline 0.002 -102"><span class='ocrx_word' id='word_1_344' title='bbox 364 3571 435 3624; x_wconf 85' lang='grc'><strong>40</strong></span> <span class='ocrx_word' id='word_1_345' title='bbox 470 3584 607 3620; x_wconf 90' lang='lat' dir='ltr'><strong>num</strong></span> <span class='ocrx_word' id='word_1_346' title='bbox 652 3563 959 3621; x_wconf 85' lang='lat' dir='ltr'><strong>auctoritas</strong></span> <span class='ocrx_word' id='word_1_347' title='bbox 1012 3575 1130 3634; x_wconf 78' lang='lat' dir='ltr'><strong>tua,</strong></span> <span class='ocrx_word' id='word_1_348' title='bbox 1175 3564 1347 3638; x_wconf 72' lang='lat' dir='ltr'><strong>quam</strong></span> <span class='ocrx_word' id='word_1_349' title='bbox 1391 3564 1566 3641; x_wconf 90' lang='lat' dir='ltr'><strong>ipsius</strong></span> <span class='ocrx_word' id='word_1_350' title='bbox 1605 3567 1794 3642; x_wconf 91' lang='lat' dir='ltr'><strong>populi</strong></span> <span class='ocrx_word' id='word_1_351' title='bbox 1850 3567 2102 3623; x_wconf 87' lang='lat' dir='ltr'><strong>Romani</strong></span> <span class='ocrx_word' id='word_1_352' title='bbox 2159 3500 2532 3721; x_wconf 37' lang='lat' dir='ltr'><strong>salustaeg</strong></span> 
     </span>
    </p>

    <p class='ocr_par' dir='ltr' id='par_1_6' title="bbox 472 3643 2345 3720">
     <span class='ocr_line' id='line_1_42' title="bbox 472 3643 2345 3720; baseline 0.005 -24"><span class='ocrx_word' id='word_1_353' title='bbox 472 3661 603 3698; x_wconf 80' lang='lat' dir='ltr'><strong>vera</strong></span> <span class='ocrx_word' id='word_1_354' title='bbox 644 3661 839 3713; x_wconf 89' lang='lat' dir='ltr'><strong>causa,</strong></span> <span class='ocrx_word' id='word_1_355' title='bbox 881 3643 1169 3712; x_wconf 85' lang='lat' dir='ltr'><strong>valuisset,</strong></span> <span class='ocrx_word' id='word_1_356' title='bbox 1213 3643 1381 3701; x_wconf 89' lang='lat' dir='ltr'><strong>hodie</strong></span> <span class='ocrx_word' id='word_1_357' title='bbox 1423 3645 1574 3702; x_wconf 91' lang='lat' dir='ltr'><strong>hanc</strong></span> <span class='ocrx_word' id='word_1_358' title='bbox 1613 3645 1872 3720; x_wconf 87' lang='lat' dir='ltr'><strong>gloriam,</strong></span> <span class='ocrx_word' id='word_1_359' title='bbox 1916 3656 2084 3718; x_wconf 89' lang='lat' dir='ltr'><strong>atque</strong></span> <span class='ocrx_word' id='word_1_360' title='bbox 2125 3646 2236 3702; x_wconf 84' lang='lat' dir='ltr'><strong>hoc</strong></span> <span class='ocrx_word' id='word_1_361' title='bbox 2280 3665 2345 3705; x_wconf 75' lang='lat' dir='ltr'><strong>or</strong></span> 
     </span>
    </p>

    <p class='ocr_par' dir='ltr' id='par_1_7' title="bbox 471 3718 2522 3878">
     <span class='ocr_line' id='line_1_43' title="bbox 471 3719 2478 3797; baseline 0.004 -26"><span class='ocrx_word' id='word_1_362' title='bbox 471 3727 634 3773; x_wconf 80' lang='lat' dir='ltr'><strong>terrae</strong></span> <span class='ocrx_word' id='word_1_363' title='bbox 676 3719 995 3795; x_wconf 83' lang='lat' dir='ltr'><strong>imperium,</strong></span> <span class='ocrx_word' id='word_1_364' title='bbox 1036 3724 1402 3779; x_wconf 70' lang='lat' dir='ltr'><strong>teneremus?</strong></span> <span class='ocrx_word' id='word_1_365' title='bbox 1484 3724 1581 3778; x_wconf 92' lang='lat' dir='ltr'><strong>An</strong></span> <span class='ocrx_word' id='word_1_366' title='bbox 1634 3722 1740 3779; x_wconf 89' lang='lat' dir='ltr'><strong>tibi</strong></span> <span class='ocrx_word' id='word_1_367' title='bbox 1791 3733 1912 3780; x_wconf 91' lang='lat' dir='ltr'><strong>tum</strong></span> <span class='ocrx_word' id='word_1_368' title='bbox 1967 3723 2268 3797; x_wconf 87' lang='lat' dir='ltr'><strong>imperium</strong></span> <span class='ocrx_word' id='word_1_369' title='bbox 2311 3738 2478 3795; x_wconf 99' lang='grc' dir='ltr'><strong>αξη</strong></span> 
     </span>
     <span class='ocr_line' id='line_1_44' title="bbox 473 3795 2522 3878; baseline 0.003 -29"><span class='ocrx_word' id='word_1_370' title='bbox 473 3795 584 3850; x_wconf 86' lang='lat' dir='ltr'><strong>hoc</strong></span> <span class='ocrx_word' id='word_1_371' title='bbox 624 3795 938 3868; x_wconf 85' lang='lat' dir='ltr'><strong>videbatur,</strong></span> <span class='ocrx_word' id='word_1_372' title='bbox 979 3797 1113 3855; x_wconf 73' lang='lat' dir='ltr'><strong>cum</strong></span> <span class='ocrx_word' id='word_1_373' title='bbox 1152 3799 1345 3875; x_wconf 90' lang='lat' dir='ltr'><strong>populi</strong></span> <span class='ocrx_word' id='word_1_374' title='bbox 1398 3800 1648 3863; x_wconf 82' lang='lat' dir='ltr'><strong>Romani</strong></span> <span class='ocrx_word' id='word_1_375' title='bbox 1695 3799 1890 3877; x_wconf 87' lang='lat' dir='ltr'><strong>legati,</strong></span> <span class='ocrx_word' id='word_1_376' title='bbox 1930 3811 2215 3877; x_wconf 71' lang='lat' dir='ltr'><strong>praetoreS,</strong></span> <span class='ocrx_word' id='word_1_377' title='bbox 2260 3804 2464 3878; x_wconf 52' lang='lat' dir='ltr'><strong>qufflr¹</strong></span> <span class='ocrx_word' id='word_1_378' title='bbox 2513 3840 2522 3847; x_wconf 96' lang='lat'>-</span> 
     </span>
    </p>
   </div>
  </div>
 </body>
</html>
