2667 4242
252 28 321 227 .s·l

364 344 449 402 54
920 344 1194 397 ORATIO
1236 342 1384 401 PRO
1423 346 1620 398 LEGE
1662 347 1991 398 mutus.

452 436 549 497 ‘N

352 456 361 459 μ
418 478 445 513 ''
480 476 489 483 ”
545 490 581 547 J
587 510 677 549 am
707 487 843 549 vero
871 490 954 549 ita
982 489 1183 548 faciles
1209 488 1399 547 aditus
1442 489 1514 547 ad
1555 489 2094 567 eum-privatorum,
2127 489 2210 548 ita
2243 490 2460 551 hbent

466 570 835 642 querimonias
876 570 950 626 de
998 568 1239 625 aliorum
1288 568 1530 644 injuriiS,
1567 587 1695 627 esse
1740 569 2045 638 dicuntum
2107 580 2175 627 ut
2228 571 2297 642 is,
2347 588 2458 645 qm

466 648 746 724 dignitate
764 646 1120 725 principibus
1146 647 1397 716 excellit,
1426 646 1702 725 facissitate
1741 665 1842 722 par
1871 648 2083 705 infimis
2117 668 2248 707 esse
2287 650 2462 706 vide-

466 739 609 785 atur.
692 726 727 784 J
735 745 849 798 am,
875 722 1154 802 quantum
1201 725 1462 796 consilio,
1489 723 1768 800 quantum
1809 723 2044 783 dicendi
2072 727 2364 803 gravitate
2395 737 2458 785 et

399 807 437 860 5
465 806 630 881 copia
657 806 864 875 valeat,
895 804 984 881 (in
1011 823 1124 879 quo
1151 803 1272 879 ipso
1299 803 1448 860 inest
1473 803 1734 878 quoedam
1760 804 2013 898 dignitas
2041 805 2462 901 imperatoria)

464 903 581 953 vos,
606 884 893 954 Quirites,
924 884 1032 941 hoc
1060 883 1181 958 ipso
1207 882 1265 939 in
1292 882 1421 940 loco
1465 901 1615 958 saepe
1661 883 1996 959 cognostis..
2051 882 2264 941 Fidem
2301 903 2452 941 vero

464 962 589 1037 ejus
636 962 785 1019 inter
837 962 1022 1019 socios
1066 965 1340 1036 quantam
1386 960 1700 1018 existimari
1744 961 1978 1037 putatis,
2025 979 2198 1036 quam
2247 962 2461 1029 hostes

463 1040 719 1098 omnium
748 1040 1005 1116 gentium
1034 1039 1456 1096 sanctissimam
1475 1038 1836 1115 judicarint?
1911 1038 2296 1097 Humanitate
2316 1041 2452 1116 jam

464 1119 625 1175 tants
653 1106 759 1189 est,
790 1129 853 1175 ut
898 1118 1134 1175 difficile
1180 1117 1340 1174 dictu
1382 1111 1478 1188 ‘sit,
1508 1115 1700 1174 utram
1728 1118 1919 1174 hostes
1943 1118 2140 1194 magis
2168 1118 2451 1176 virtutem

368 1196 437 1248 10
465 1196 588 1272 ejus
613 1208 937 1274 pugnantes
962 1195 1277 1266 timuerint,
1308 1214 1382 1253 an
1410 1195 1913 1254 mansuetudinem
1940 1196 2078 1253 victi
2107 1196 2446 1255 dilexerint.

468 1275 543 1332 Et
586 1276 887 1351 quisquam
933 1273 1238 1345 dubitabit,
1266 1274 1404 1349 quin
1449 1274 1587 1331 huic
1627 1284 1851 1331 tantum
1899 1273 2118 1332 bellum'
2149 1277 2456 1347 transmit-

464 1355 701 1411 tendum
732 1356 823 1424 sit,
851 1353 970 1430 qui,
1001 1354 1073 1410 ad
1100 1353 1294 1410 omnia
1320 1363 1526 1427 nostrae
1553 1353 1843 1410 memoriae
1872 1353 2022 1410 bella
2049 1353 2448 1420 conficienda,

465 1433 657 1488 divino
678 1434 922 1508 quodam
950 1431 1192 1490 consilio
1217 1442 1387 1489 natus
1413 1450 1540 1488 esse
1567 1431 1866 1489 videatur?

545 1512 679 1568 XV.
764 1512 857 1582 Et,
901 1511 1169 1586 quoniam
1218 1510 1528 1567 auctoritas
1574 1508 1820 1567 multum
1873 1509 1933 1567 in
1985 1509 2150 1567 bellis
2207 1531 2452 1586 quoque

370 1589 436 1641 15
468 1588 933 1649 administrandis
977 1600 1145 1664 atque
1188 1588 1427 1664 imperio
1468 1588 1701 1646 militari
1755 1588 1905 1645 valet
1922 1608 1936 1657 ;
2000 1587 2156 1647 certe
2211 1591 2448 1649 nemini

465 1667 705 1724 dubium
723 1678 828 1738 est,
857 1668 994 1743 quin
1023 1668 1093 1725 ea
1122 1686 1184 1725 re
1214 1667 1368 1724 idem
1408 1666 1506 1725 ille
1548 1667 1850 1743 imperator
1891 1667 2196 1744 plurimum
2238 1670 2446 1744 possit.

465 1746 853 1803 Vehementer
897 1756 1087 1802 autem
1127 1746 1415 1821 pertinere
1457 1745 1528 1802 ad
1576 1745 1728 1804 bella
1781 1746 2253 1818 administranda,
2296 1749 2448 1823 quid

465 1825 673 1894 hostes,
703 1824 839 1899 quid
883 1824 1044 1894 socii,
1074 1825 1146 1881 de
1193 1824 1630 1900 imperatoribus
1675 1825 1876 1882 vestris
1922 1825 2270 1896 existiment,
2307 1828 2450 1901 quis

465 1903 708 1978 ignorat,
739 1902 874 1962 cum
921 1903 1192 1973 sciamus,
1223 1903 1484 1961 homines
1532 1902 1591 1959 in
1638 1902 1815 1973 tantis
1860 1903 2050 1972 rebus,
2079 1914 2144 1960 ut
2171 1915 2273 1961 aut
2302 1925 2449 1963 con·

293 2018 297 2023 -
363 1982 437 2035 20
462 1993 741 2053 temnant,
772 1993 871 2039 aut
911 1992 1187 2051 metuant,
1219 1993 1314 2038 aut
1355 1981 1599 2051 oderint,
1631 1991 1729 2038 aut
1770 1992 1981 2053 ament,
2008 1982 2277 2059 opinione
2317 2003 2446 2042 non

464 2059 656 2118 minus
684 2062 869 2131 famae,
897 2059 1070 2135 quam
1101 2060 1290 2135 aliqua
1319 2061 1479 2117 certa
1514 2060 1754 2130 ratione,
1784 2054 2128 2118 commoveri
2143 2060 2170 2119 ‘3
2215 2064 2220 2068 ’
2250 2061 2444 2137 Quod

464 2139 637 2215 igitur
678 2160 905 2198 nomen.
928 2158 1181 2215 unquam
1222 2140 1282 2197 in
1321 2140 1461 2198 orbe
1501 2149 1781 2195 terrarum
1821 2139 2036 2197 clarius
2077 2138 2220 2196 fuit'e
2265 2142 2446 2216 cujus

463 2238 555 2275 res
570 2232 756 2295 gestae
784 2220 990 2295 pares?
1032 2220 1104 2276 de
1130 2237 1244 2293 quo
1271 2218 1521 2287 homine,
1552 2236 1648 2274 vos
1678 2217 1785 2292 (id,
1814 2219 1965 2293 quod
1999 2217 2246 2277 maxime
2292 2220 2452 2278 facit

464 2298 890 2376 auctoritatem)
922 2308 1083 2355 tanta
1109 2308 1302 2357 ettam
1330 2296 1609 2372 praeclara
1629 2295 1852 2371 judicia
1880 2296 2096 2353 fecistis
2116 2298 2159 2363 ἲ,
2196 2291 2336 2367 >Q

360 2378 432 2430 25
541 2377 637 2432 An
667 2374 799 2433 vero
845 2377 1018 2432 ullam
1062 2394 1301 2449 usquam
1348 2393 1474 2431 esse
1518 2392 1678 2432 oram
1723 2384 1842 2432 tam
1887 2375 2168 2433 desertam
2195 2377 2442 2451 putatis,

461 2451 573 2526 quo
603 2473 716 2511 non
751 2454 902 2510 illius
948 2454 1064 2509 diei
1112 2454 1264 2511 sama
1296 2443 1637 2528 pervaserit,
1667 2450 1801 2510 cum
1850 2454 2146 2511 universus
2191 2455 2444 2530 populus

462 2530 782 2601 Romanae,
812 2532 1019 2589 referto
1056 2531 1192 2602 foro,
1220 2532 1561 2607 repletisque
1605 2532 1871 2589 omnibus
1918 2534 2162 2608 templiS,
2191 2552 2262 2589 ex
2308 2534 2442 2607 qui·

461 2609 568 2665 bus
597 2610 692 2666 hic
718 2611 880 2668 locus
908 2610 1159 2685 conspici
1187 2620 1389 2686 potest,
1408 2630 1586 2668 unum
1608 2610 1716 2687 sibi
1741 2611 1811 2667 ad
1841 2629 2144 2667 commune
2167 2612 2440 2669 omnium

461 2688 716 2763 gentium
772 2689 983 2746 bellum
1039 2689 1148 2746 Cn.
1197 2689 1532 2765 Pompeium
1601 2689 1997 2764 imperatorem
2059 2690 2394 2764 depoposcit
2409 2693 2438 2747 ’ἒ

359 2769 431 2823 30
462 2764 684 2840 Itaque,
713 2779 776 2827 ut
802 2768 964 2843 plura
992 2787 1104 2825 non
1132 2768 1346 2838 dicam,
1394 2786 1580 2843 neque
1627 2767 1867 2824 aliorum
1914 2767 2185 2842 exemplis
2226 2769 2444 2826 confir·-

462 2863 633 2915 mem,
676 2845 953 2920 quantum
1011 2847 1319 2903 auctoritas
1371 2847 1559 2903 valeat
1602 2847 1663 2904 in
1711 2847 1890 2916 bello;
1936 2846 2007 2902 ab
2061 2847 2264 2924 eodem
2313 2838 2436 2905 Cn.

458 2921 729 2998 Pompeio
754 2926 1008 2982 omnium
1038 2944 1225 2982 rerum
1254 2925 1616 3001 egregiarum
1658 2926 1917 3001 exempla
1956 2928 2285 2981 sumantur:
2328 2927 2455 3000 qui‘

458 3021 571 3075 quo
610 3003 703 3059 die
746 3022 780 3061 a
826 3004 983 3061 vobis
1030 3004 1335 3063 maritimo·
1373 3004 1521 3061 bello
1578 3004 1908 3078 praepositus
1957 3013 2047 3061 est
2100 3004 2436 3079 imperator,

457 3091 618 3137 tanta
654 3081 886 3158 repente
929 3082 1116 3139 vilitas
1157 3101 1422 3153 annouae,
1477 3102 1548 3139 ex
1587 3080 1809 3139 summa
1852 3081 2044 3157 inopia
2084 3093 2142 3137 et
2181 3082 2437 3143 caritate

355 3158 427 3212 35
458 3160 539 3216 rei
573 3161 976 3232 frumentariae,
1012 3170 1323 3219 consecuta
1366 3170 1472 3231 est,
1501 3160 1673 3233 unius
1718 3178 1816 3235 spe
1862 3170 1921 3217 et
1967 3160 2219 3230 nomine,
2246 3181 2436 3235 quan-

456 3247 572 3294 tam
602 3240 693 3297 vix
735 3260 807 3298 ex
850 3240 1073 3297 summa
1115 3241 1377 3297 ubertate
1426 3256 1690 3316 agrorum
1734 3239 2004 3295 diuturna
2041 3258 2154 3316 pax
2192 3239 2434 3300 efficere

452 3319 741 3393 potuisset.
1170 3390 1173 3393 Ι
1893 3331 1920 3336 “
2189 3328 2206 3341 '

534 3397 568 3452 J
574 3417 685 3467 am,
730 3396 968 3472 accepta
1016 3398 1075 3453 in
1121 3395 1302 3453 Ponto
1343 3394 1691 3464 calamitate,
1733 3413 1804 3452 ex
1843 3415 1913 3453 eo
1949 3396 2167 3471 proelio,
2198 3396 2271 3465 de
2303 3417 2432 3472 quo

454 3495 552 3533 vos
590 3476 760 3552 paulo
806 3474 937 3532 ante
981 3475 1191 3532 invitus
1251 3473 1542 3543 admonui,
1585 3471 1719 3530 cum
1774 3475 1914 3530 socii
1973 3475 2426 3550 pertimuissent,

354 3549 423 3602 40
455 3555 697 3610 hostium
750 3572 885 3630 opes
927 3554 1215 3627 animique
1253 3552 1587 3623 crevissent,
1635 3553 1773 3609 satis
1814 3553 2037 3610 firmum
2090 3554 2426 3629 praesidiffl
2512 3550 2520 3559 ’

452 3633 743 3706 provincia
772 3653 879 3690 non
912 3632 1184 3700 haberet;
1230 3631 1562 3688 amisissetis
1607 3631 1829 3701 Asiam,
1856 3631 2138 3703 Quirites,
2169 3633 2300 3701 nisi,
2346 3632 2492 3695 adr?

454 3709 510 3764 id
542 3710 721 3780 ipsum
762 3711 1047 3783 temporiS,
1077 3710 1349 3765 divinitus
1389 3709 1500 3764 Cn.
1528 3709 1861 3783 Pompeium
1905 3711 1976 3765 ad
2017 3729 2115 3767 eas
2154 3711 2424 3785 regiones
2439 3706 2492 3779 ἶ(

455 3785 677 3840 fortuna
703 3788 892 3857 populi
920 3787 1174 3842 Romani
1217 3787 1512 3842 attulisset.
1598 3787 1788 3861 Hujus
1830 3788 2103 3844 adventus
2143 3798 2202 3844 et
2242 3788 2476 3849 Mithw
2503 3836 2516 3845 .

456 3860 696 3918 ridatem
727 3862 950 3918 insolita
971 3862 1389 3918 inflammatum
1410 3862 1647 3920 victoria
1670 3865 1969 3934 continuit,
1990 3876 2047 3922 et
2073 3865 2417 3941 Tigranem,
