2667 4242
342 300 427 365 Q
911 294 1185 349 ORATIO
1230 296 1371 347 PRO
1413 294 1490 346 M.
1535 293 1949 344 MARCELLO.

442 442 782 520 tantumque
823 444 1003 515 abest,
1032 451 1097 500 ut
1136 424 1385 515 aliquain
1425 438 1634 497 bonam
1676 437 1917 516 gratiam
1959 433 2103 492 mihi
2145 433 2452 510 quaesisse

284 480 403 589 N
444 523 661 594 videar,
690 533 753 579 ut
779 523 989 580 multas
1034 520 1209 579 etiam
1263 518 1601 588 simultates,
1630 517 1834 593 partim
1869 516 2170 583 obscurae,
2215 512 2451 588 partim

447 614 690 679 apertaS,
720 600 1057 677 intelligam,
1088 597 1229 654 mihi
1256 617 1371 655 non
1399 596 1775 665 necessariaS,
1804 593 1962 651 vobis
2003 610 2120 649 non
2164 591 2448 660 inutileS,

447 676 782 756 suscepisse.
866 680 983 736 Sed
1013 697 1121 754 ego
1160 695 1274 746 me,
1322 677 1433 733 hoc
1474 676 1687 732 honore
1726 674 2046 750 praeditum,
2075 669 2265 727 tantis
2308 688 2453 725 ves-

379 762 417 816 5
446 759 550 816 tris
577 757 874 819 beneficiis
902 757 1193 825 affectum,
1222 753 1415 825 statui,
1456 752 1742 823 Quirites,
1772 762 2016 809 vestram
2045 750 2449 817 voluntatem,

447 846 508 894 et
560 836 890 913 reipublicae
942 834 1302 911 dignitatem,
1357 842 1416 889 et
1467 832 1711 889 salutem
1768 829 2197 908 provinciarum
2258 838 2453 901 atque

447 914 751 985 sociorum,
805 913 950 972 meis
1001 912 1268 971 omnibus
1320 909 1636 970 commodis
1674 919 1734 968 et
1789 907 2109 967 rationibus
2152 906 2454 983 praeferre

447 1004 722 1069 oportere.

1202 1389 1665 1472 ORATIO

688 1603 977 1680 PRO
1067 1604 1208 1680 Μ.
1295 1589 2185 1680 MARCELLO.

536 1942 585 2000 l.
666 1940 987 2000 Dm'runm
1047 1938 1283 2010 silentii,
1321 1939 1525 2002 Patres
1565 1938 1911 2015 conscripti,
1953 1958 2067 2015 quo
2125 1958 2292 1997 eram
2347 1939 2447 1995 his

360 2023 431 2078 10
456 2022 805 2098 temporibus
830 2039 988 2091 usus,
1016 2039 1129 2078 non
1160 2019 1363 2077 timore
1392 2019 1600 2093 aliquo,
1630 2021 1730 2087 sed
1756 2018 1962 2096 partim
1991 2019 2203 2088 dolore,
2225 2017 2447 2094 partim

457 2099 827 2171 verecundia,
857 2100 1030 2156 finem
1071 2098 1382 2156 hodiernus
1421 2098 1545 2155 dies
1588 2098 1807 2167 attulit;
1872 2098 2138 2172 idemque
2181 2097 2442 2167 initium,

462 2196 587 2254 quae
629 2180 853 2250 vellem,
896 2197 1135 2253 quaeque
1174 2177 1464 2248 sentirem,
1519 2195 1648 2234 meo
1686 2177 1924 2252 pristino
1975 2196 2131 2235 more
2180 2175 2442 2233 dicendi.

463 2258 719 2315 Tantam
744 2258 899 2314 enim
930 2255 1451 2326 mansuetudinem,
1480 2265 1596 2311 tam
1626 2255 1977 2326 inusitatam,
1998 2255 2444 2329 inauditamque
2468 2277 2476 2286 ·

465 2336 852 2405 clementiam,
881 2345 1124 2404 tantum,
1155 2333 1214 2391 in
1244 2333 1468 2390 summa
1496 2344 1792 2410 potestate,
1816 2353 2006 2391 rerum
2033 2335 2292 2391 omnium
2322 2352 2446 2390 mo-

366 2412 435 2464 15
466 2414 623 2482 dum,
653 2424 770 2469 tam
800 2413 1047 2486 denique
1075 2412 1473 2469 incredibilem
1516 2412 1853 2487 sapientiam
1884 2431 1953 2470 ac
1981 2411 2128 2489 pene
2158 2413 2442 2483 divinam,

465 2491 676 2547 tacitus
716 2490 873 2547 nullo
926 2491 1094 2548 modo
1143 2490 1433 2565 praeterire
1474 2510 1719 2566 possum.
1803 2489 1887 2547 M.
1943 2492 2098 2548 enim
2151 2491 2446 2548 Marcello

464 2568 644 2639 vobis,
675 2568 873 2626 Patres
916 2568 1260 2645 conscripti,
1304 2569 1502 2644 reique
1544 2568 1788 2644 publicae
1815 2570 2058 2641 reddito,
2088 2590 2201 2627 non
2250 2568 2443 2626 solum

467 2646 639 2717 illius,
669 2647 770 2703 sed
799 2665 984 2703 meam
1016 2648 1189 2703 etiam
1216 2666 1417 2704 vocem
1447 2658 1504 2704 et
1533 2648 1950 2720 auctoritatem,
1973 2659 2031 2705 et
2057 2649 2216 2706 vobis
2244 2658 2303 2706 et
2331 2647 2445 2705 rei-

465 2724 710 2801 publicae
739 2736 1132 2795 conservatam
1161 2745 1230 2783 ac
1258 2725 1578 2783 restitutam
1607 2738 1757 2802 puto.

365 2811 439 2863 20
548 2803 828 2860 Dolebam
857 2804 1031 2875 enim,
1062 2803 1261 2861 Patres
1289 2805 1637 2880 Conscripti,
1666 2806 2118 2880 et-vehementer
2160 2805 2442 2882 angebar,

469 2879 606 2939 cum
634 2882 906 2952 viderem,
935 2883 1119 2939 virum
1146 2883 1341 2952 talem,
1371 2883 1431 2939 in
1461 2884 1664 2941 eadem
1706 2884 1883 2941 causa
1927 2883 1984 2940 in
2025 2884 2138 2959 quii
2167 2904 2278 2960 ego
2307 2884 2448 2941 fuis·

468 2978 610 3029 sem,
633 2962 824 3018 nonin
843 2961 1044 3018 eadem
1069 2980 1194 3018 esse
1212 2961 1439 3018 fortuna
1463 2982 1476 3018 :
1506 2981 1617 3019 nec
1638 2963 1780 3018 mihi
1796 2963 2140 3038 persuadere
2160 2975 2444 3038 poteram,

463 3059 580 3100 nec
602 3040 686 3096 fas
707 3059 831 3098 esse
851 3040 1154 3110 ducebam,
1173 3039 1385 3100 versari
1407 3059 1500 3097 me
1520 3040 1577 3097 in
1600 3051 1791 3098 nostro
1812 3041 1987 3098 veteri
2012 3041 2320 3111 curriculo,
2344 3041 2448 3099 illo

470 3119 676 3176 aemulo
705 3129 873 3193 atque
902 3116 1184 3176 imitatore
1212 3117 1529 3175 studiorum
1560 3137 1629 3176 ac
1670 3119 1926 3177 laborum
1969 3139 2246 3190 meorum,
2275 3120 2448 3195 quasi

369 3199 441 3251 25
470 3198 713 3271 quodam
744 3197 900 3255 socio
928 3216 962 3253 a
987 3216 1082 3254 me
1121 3207 1179 3253 et
1218 3197 1449 3267 comite,
1479 3198 1767 3266 distracto.
1851 3198 2005 3274 Ergo
2034 3209 2091 3256 et
2121 3198 2258 3256 mihi
2299 3217 2449 3257 meae

467 3276 720 3352 pristinae
763 3276 892 3332 vitae
935 3276 1431 3346 consuetudinem,
1461 3276 1529 3333 C.
1561 3276 1776 3349 Caesar,
1819 3277 2189 3335 interclusam
2353 3296 2451 3339 ru·

471 3355 598 3424 isti3
642 3364 698 3411 et
728 3354 817 3410 his
844 3353 1129 3423 omnibuS,
1161 3354 1232 3410 ad
1262 3351 1412 3410 bene
1442 3355 1514 3411 de
1541 3356 1696 3412 omni
1737 3356 2032 3431 republica
2074 3374 2278 3433 spei-an
2377 3348 2386 3355 ’

469 3434 632 3509 quasi
661 3433 889 3508 signum
916 3433 1144 3506 aliquod
1184 3431 1479 3489 sustulisti.
1561 3433 1926 3492 Intellectum
1968 3430 2055 3491 est
2095 3368 2486 3506 eniinsiiiffi,

470 3513 704 3585 quidem
734 3512 792 3568 in
820 3511 1034 3581 multis,
1062 3520 1122 3567 et
1148 3508 1396 3566 maxime
1428 3510 1487 3568 in
1516 3531 1608 3569 me
1638 3512 1776 3593 ipso,
1807 3514 1908 3570 sed
1947 3513 2117 3591 paulo
2151 3512 2285 3570 ant&
2323 3504 2488 3575 tm?

373 3603 443 3655 30
473 3590 661 3659 nibuS,
704 3587 838 3647 cum
882 3587 964 3646 M.
996 3588 1340 3647 Marcellum
1381 3591 1605 3647 senatui
1645 3592 1960 3667 populoque
2003 3593 2270 3649 Romano
2312 3582 2456 3653 eoin*
2473 3594 2504 3645 ⁶.

472 3668 717 3736 cessisti,
748 3667 1204 3724 commemoratis
1230 3669 1543 3740 praesertim
1583 3671 2010 3741 offensionibuS,
2039 3682 2095 3726 te
2141 3682 2494 3729 auctorit-v·

473 3754 588 3800 tem
619 3745 786 3818 hujus
802 3745 1036 3815 ordinis,
1056 3744 1508 3819 dignitatemque
1533 3747 1884 3822 reipublicae,
1903 3748 2016 3804 tuis
2039 3749 2124 3806 vel
2155 3748 2460 3809 doloribus
2487 3746 2498 3759 ⁸

475 3820 561 3876 vel
591 3821 1010 3895 suspicionibus
1039 3822 1340 3879 anteferre.
2407 3818 2492 3853 ζῷ’·
