2667 4242
695 243 967 293 ORATIO
1011 243 1153 292 PRO
1197 243 1391 293 LEGE
1437 242 1769 293 MANILIA.

112 354 193 430 χ
227 406 433 465 regno,
475 397 643 462 atque
684 387 744 444 in
785 387 986 445 vestris
1004 386 1424 464 svectigalibus,
1466 387 1576 445 hoc
1616 396 1723 457 est,
1765 385 1824 444 in
1853 377 2013 443 Asfae
2055 386 2208 458 luce,

226 467 464 524 versari.
549 467 781 525 Etenim
800 468 1001 529 ,adhuc
1029 467 1109 523 ita
1138 466 1309 527 vestri
1336 485 1470 523 cum
1501 466 1597 523 illo
1624 485 1759 542 rege
1789 467 2207 525 contenderunt

227 543 619 621 imperatoreS,
649 555 720 601 ut·
742 545 813 602 ab
842 545 939 602 illo
968 544 1215 621 insignia
1243 545 1513 614 victorias,
1537 564 1649 602 non
1681 544 1994 613 victoriam,
2025 564 2211 619 repor-

226 633 436 681 tarent.
520 624 903 700 Trimphavit.
938 623 1005 682 L.
1049 624 1233 694 Sulla,
1274 624 1643 698 triumphavit
1701 622 1769 679 L.
1825 621 2077 679 Murena
2135 624 2209 680 de

225 700 592 774 Mithridate,
621 704 737 761 duo
764 703 1053 761 fortissimi
1080 702 1207 773 viri,
1234 713 1293 759 et
1319 702 1527 759 summi
1557 702 1956 777 imperatores:
1999 700 2100 758 sed
2128 702 2211 759 ita

226 781 676 857 triumpharunt,
703 791 768 838 ut
808 781 904 838 ille
943 781 1139 856 pulsus
1178 792 1589 856 superatusque
1617 790 1902 857 regnaret.
1984 780 2210 838 Verun-

222 869 425 917 tamen
468 860 580 917 illis
620 861 1054 936 imperatoribus
1091 860 1348 925 laus,est
1386 859 1709 929 tribuenda,
1736 858 1892 934 quod
1932 869 2207 935 egerunt;

224 939 402 995 venia
442 939 654 1009 danda,
682 937 836 1014 quod
877 939 1264 1013 reliquerunt3
1305 948 1603 1014 propterea
1641 936 1797 1014 quod
1838 937 1909 997 ab
1950 957 2020 994 eo
2059 937 2211 996 bello

225 1018 462 1073 Sullam
491 1017 550 1074 in
581 1014 810 1074 Italiam
838 1017 1180 1094 respublica,
1211 1016 1519 1074 Murenam
1549 1017 1730 1087 Sulla,
1759 1015 2063 1085 revocavit.

308 1095 421 1152 IV.
509 1095 877 1163 Mithridates
931 1105 1122 1152 autem
1161 1114 1333 1153 omne
1372 1095 1656 1170 reliquum
1694 1105 1938 1170 tempus,
1980 1114 2092 1152 non
2136 1094 2209 1151 ad

224 1174 581 1232 oblivionem
603 1174 810 1231 veteris
839 1174 993 1244 belli,
1022 1173 1121 1231 sed
1154 1175 1226 1230 ad
1253 1170 1734 1249 comparationem
1761 1173 1912 1244 novi,
1934 1172 2209 1231 contulit:

2233 245 2318 307 45

2245 1094 2312 1147 10

225 1253 730 1333 qui,posteaquam
761 1253 1039 1311 maximas
1066 1252 1406 1310 aedificasset
1431 1251 1800 1328 ornassetque
1829 1251 2076 1321 classes3
2118 1271 2212 1308 ex·
2306 1242 2312 1247 ’

225 1331 564 1406 ercitusque
616 1350 975 1407 permagnos,
1017 1332 1455 1407 quibuscunque
1496 1350 1568 1387 ex
1606 1330 1876 1406 gentibus
1915 1331 2209 1405 potuisset,

227 1410 641 1485 comparasset,
676 1419 733 1466 et
773 1430 835 1467 se
876 1409 1236 1484 Bosporanis,
1266 1408 1525 1466 finitimis
1564 1409 1702 1479 suiS,
1745 1409 1956 1476 bellum
2000 1408 2210 1465 inferre

226 1488 591 1558 simulassem
635 1507 816 1563 usque
857 1488 932 1546 in‘
958 1488 1303 1563 Hispaniam
1343 1488 1562 1563 legatos
1602 1486 1919 1545 Ecbatanis
1955 1487 2109 1544 misit
2138 1488 2209 1544 ad

228 1587 329 1625 eos
356 1568 556 1637 duceS,
587 1567 931 1642 quibuscum
971 1577 1094 1623 tum
1136 1567 1350 1624 bellum
1378 1566 1753 1643 gerebamus:
1797 1576 1879 1637 ut,
1911 1564 2045 1623 cum
2073 1567 2212 1624 duo-

228 1646 340 1703 bus
380 1646 441 1703 in
482 1645 626 1704 locis
673 1646 1136 1722 disjunctissimis
1194 1643 1559 1719 maximeque
1620 1645 1879 1715 diversis,
1921 1664 2037 1701 uno
2078 1663 2212 1702 con-

229 1724 380 1795 silio,
414 1743 448 1781 a
476 1725 628 1782 binis
654 1725 899 1782 hostium
942 1724 1120 1800 copiis
1161 1723 1377 1780 bellum
1417 1723 1568 1781 terra
1609 1723 1865 1798 marique
1894 1728 2208 1799 gereretur,

229 1822 350 1874 VOS,
381 1799 617 1879 ancipiti
646 1804 1012 1875 contentione
1039 1803 1306 1872 districti,
1336 1803 1409 1858 de
1439 1802 1675 1878 imperio
1700 1802 2071 1859 dimicaretis.

2247 1480 2315 1533 15

312 1881 431 1939 Sed
460 1892 653 1939 tamen
682 1882 915 1939 alterius
940 1881 1116 1957 partis
1142 1882 1484 1957 periculum,
1507 1877 1848 1938 Sertorianae
1880 1891 2048 1957 atque
2077 1880 2211 1937 His·
2239 1886 2317 1941 20

229 1960 549 2036 paniensiS,
590 1980 715 2035 quae
755 1959 937 2017 multo
977 1961 1105 2036 plus
1158 1959 1503 2017 firmamenti
1560 1977 1629 2016 ac
1681 1959 1900 2017 roboris
1940 1959 2209 2030 habebat,

231 2039 345 2099 Cn.
390 2039 649 2114 Pompeii
690 2038 884 2096 divino
937 2037 1178 2095 consilio
1219 2056 1289 2094 ac
1331 2036 1610 2112 singulari
1651 2037 1859 2094 virtute
1910 2038 2210 2112 depulsum

233 2128 361 2174 est:
419 2117 480 2173 in
523 2116 702 2173 altera
740 2127 901 2191 parte
942 2117 1023 2172 ita
1064 2135 1154 2172 res
1196 2134 1231 2172 a
1269 2114 1336 2171 L.
1381 2114 1647 2186 Lucullo,
1687 2133 1909 2172 summo
1948 2115 2087 2185 viro,
2128 2124 2214 2172 est
2274 2108 2280 2113 ’

238 2195 659 2264 administrata,
688 2204 751 2250 ut
780 2194 945 2251 initia
972 2194 1070 2251 illa
1096 2203 1387 2270 gestarum
1417 2211 1618 2251 rerum,
1633 2211 1844 2269 magna
1884 2203 2052 2268 atque
2077 2213 2218 2269 prae-

239 2274 422 2343 clara,
465 2292 579 2330 non
620 2272 882 2341 felicitati
923 2272 1066 2347 ejus,
1107 2264 1481 2341 sed‘virtuti3
1538 2272 1663 2329 haec
1705 2281 1895 2329 autem
1935 2284 2208 2343 extrema,
2246 2278 2316 2333 25

238 2371 369 2427 quae
393 2370 590 2427 nuper
647 2351 1001 2421 acciderunt,
1041 2370 1157 2409 non
1211 2351 1415 2426 culpae,
1458 2351 1558 2408 sed
1601 2350 1859 2420 sortunae,
1906 2351 2211 2409 tribuenda

235 2450 368 2487 esse
396 2430 713 2489 videantur.
797 2429 914 2486 Sed
954 2430 1027 2486 de
1067 2429 1313 2487 Lucullo
1353 2429 1542 2486 dicam
1586 2428 1698 2487 alio
1732 2429 1893 2499 10003
1936 2430 2100 2487 etita
2128 2430 2211 2488 di·
2267 2442 2270 2445 '

234 2512 391 2579 cam,
419 2508 702 2578 Quirites,
732 2519 796 2564 ut
822 2527 1006 2583 neque
1034 2527 1168 2566 vera
1194 2507 1319 2564 laus
1347 2508 1401 2564 ei
1429 2509 1688 2565 detracta
1713 2508 1968 2566 oratione
1996 2509 2208 2581 nostra,

170 2621 182 2631 -
235 2606 425 2662 neque
455 2587 597 2644 falsa
625 2587 835 2657 afficta,
860 2606 984 2644 esse
1012 2587 1288 2644 videatur.
1372 2586 1472 2665 De⁸
1484 2586 1656 2643 vestri
1686 2586 1904 2663 imperii
1927 2587 2208 2664 dignitate

237 2676 409 2740 atque
449 2664 651 2742 gloria,
686 2654 961 2740 ,qubniam
1002 2662 1059 2724 is.
1091 2676 1179 2731 est
1217 2685 1451 2723 exorsus
1489 2665 1760 2725 orationis
1797 2685 1962 2737 meae,
2000 2667 2207 2738 videte,
2241 2675 2316 2729 30

236 2763 407 2818 quem
435 2745 592 2803 vobis
621 2745 874 2803 animum
904 2744 1329 2820 suscipiendum
1359 2744 1585 2819 putetis·

317 2824 391 2880 V.
450 2822 702 2898 Majores
742 2824 911 2880 vestri
955 2843 1123 2899 saepe,
1164 2823 1578 2881 mercatoribus
1617 2834 1685 2881 ac
1715 2823 2085 2881 naviculariis
2125 2823 2211 2881 in-

231 2900 507 2976 juriosius
546 2902 824 2973 tractatiS,
866 2901 1018 2960 bella
1070 2912 1407 2977 gesserunt:
1462 2920 1577 2972 voS,
1619 2912 1701 2960 tot
1742 2902 1952 2958 civium
1996 2901 2211 2959 Roma-

237 3000 441 3037 norum
483 2981 752 3051 millibus,
782 3000 899 3038 uno
937 2981 1139 3038 nuntio
1179 2991 1348 3056 atque
1388 3000 1504 3037 uno
1528 2990 1800 3057 tempore,
1828 2981 2070 3050 necatis,
2098 2980 2211 3054 quo

237 3060 472 3116 tandem
514 3060 705 3117 animo
731 3079 857 3118 esse
885 3059 1145 3116 debetis?
1212 3059 1418 3135 Legati
1453 3059 1608 3133 quod
1636 3069 1799 3116 erant
1828 3058 2091 3134 appellati
2120 3076 2212 3113 su·
2243 3057 2314 3111 35

236 3136 489 3213 perbiuS,
533 3139 876 3197 Corinthum
914 3148 1104 3214 patres
1143 3138 1340 3208 vestri,
1379 3137 1550 3195 totius
1588 3137 1832 3195 Graeciae
1873 3138 2088 3205 lumen,
2118 3155 2212 3192 ex-

239 3216 513 3275 stinctum
554 3236 680 3274 esse
719 3217 1051 3274 voluerunt:
1093 3236 1190 3274 vos
1217 3235 1351 3273 eum
1388 3235 1580 3292 regem
1612 3215 1854 3275 inultum
1881 3233 2011 3272 esse
2035 3214 2216 3289 patie-

239 3295 403 3365 mini,
444 3295 543 3370 qui
595 3296 848 3372 legatum
888 3295 1078 3377 populi
1133 3294 1390 3355 Romani
1430 3295 1810 3364 consularem,
1854 3292 2099 3349 vinculis
2142 3309 2212 3345 ac

240 3373 574 3431 verberibus
616 3385 781 3448 atque
820 3374 975 3431 omni
1017 3374 1296 3449 supplicio
1336 3373 1751 3442 excruciatum,
1793 3369 2061 3429 necavit?
2116 3367 2211 3422 Illi

241 3451 564 3517 libertatem
593 3452 802 3517 civium
831 3452 1224 3509 Romanorum
1255 3451 1615 3508 imminutam
1643 3469 1755 3506 non
1785 3449 2074 3504 tulerunt:
2116 3464 2213 3501 vos
2246 3449 2318 3505 40

241 3531 417 3588 vitam
446 3541 696 3607 ereptam
723 3531 1068 3607 negligetis?
1126 3531 1161 3586 J
1167 3550 1234 3586 us
1262 3528 1584 3604 legationis,
1614 3527 1784 3582 verbo
1811 3524 2100 3593 violatum,
2131 3523 2214 3580 illi

222 3609 525 3684 ,persecuti
566 3620 732 3671 sunt:
775 3629 873 3666 vos
899 3610 1173 3685 legatum,
1201 3607 1359 3665 omni
1400 3605 1678 3680 supplicio
1718 3601 2101 3671 interfectum,
2132 3622 2217 3659 re-

243 3687 551 3766 linquetis‘l
630 3689 865 3760 Videte,
907 3706 1002 3759 ne,
1043 3697 1108 3745 ut
1148 3686 1274 3781 'illis
1311 3682 1761 3760 pulcherrimum
1816 3679 1943 3752 fuit,
1997 3689 2217 3740 tantam
