2667 4242
380 290 463 351 04
620 314 631 323 -
909 288 1185 339 οιιΑΤιο
1230 288 1370 338 rno
1414 287 1615 337 asos
1658 268 2051 338 Dmo'ra'no

480 432 741 491 dixeras:
784 430 998 507 itaque
1028 431 1231 491 fecisti.
1314 431 1538 513 Horam
1565 450 1743 490 unam
1771 441 1869 489 aut
1910 431 2057 499 duas
2102 431 2320 488 eodem
2348 429 2488 488 loco

366 544 441 567 -..
482 526 751 584 tanatos,
774 522 839 569 ut
877 510 1143 569 collocati
1185 511 1431 581 fuerant,
1460 511 1713 569 retinere
1756 528 2030 587 magnum
2072 510 2228 568 fuit?
2314 507 2481 566 Cum

482 591 542 650 in
566 591 831 650 convivio
857 591 1095 649 comiter
1122 599 1182 647 et
1201 588 1461 667 jucunde
1492 589 1570 647 fu'
1701 635 1717 661 ,
1746 600 1869 647 tum
1913 589 2054 647 illuc
2100 587 2223 660 isti,
2255 597 2326 644 ut
2356 588 2484 644 dix·

482 690 628 730 eras·
706 669 849 731 Quo
877 670 936 727 in
964 669 1090 727 loco
1118 668 1456 727 Deiotarum
1601 687 1659 729 m
1686 687 1828 746 erga
1852 678 1910 727 te
1953 667 2299 745 cognovisti,
2335 685 2485 742 qua·

418 759 455 813 5
484 750 554 808 lis
582 766 681 807 rex
706 748 940 806 Attalus
967 747 1027 805 in
1070 748 1135 806 P.
1167 747 1512 809 Africanum
1557 742 1665 805 fuit
1683 767 1699 818 ;
1742 747 1839 805 cui
1882 746 2484 824 magnificentissima

482 829 653 899 dona,
697 837 762 885 ut
801 827 1077 903 scriptum
1122 826 1390 904 legimus,
1420 844 1602 901 usque
1647 827 1721 884 ad
1763 825 2145 884 Numantiam
2174 816 2364 882 ”misit
2407 843 2483 882 ex

482 907 662 977 Asifi3
703 924 831 982 quae
882 906 1212 977 Africanus,
1242 904 1600 981 inswctante
1642 904 1921 975 exercitu,
1950 922 2022 962 ac
2132 903 2196 962 it.
2281 903 2484 966 Quod

482 983 620 1044 cum
647 1003 897 1062 praesens
923 984 1250 1055 Deiotarus,
1278 983 1439 1061 regio
1463 993 1524 1041 et
1551 984 1745 1042 animo
1769 993 1831 1042 et
1873 1001 2052 1054 more,
2137 982 2369 1054 cisset;
2415 992 2483 1040 tn

482 1063 545 1123 in
571 1063 904 1122 cubiculum
933 1062 1265 1122 discessisti.

386 1151 456 1205 10
561 1142 843 1214 Obsecro,
887 1144 1105 1213 Caesar,
1153 1150 1347 1216 repete
1387 1139 1657 1217 temporis
1704 1140 1859 1198 illius
1896 1139 2272 1199 memoriam:
2315 1160 2484 1218 pone

482 1221 643 1280 illum
673 1232 806 1280 ante
843 1222 1042 1279 oculos
1087 1221 1275 1278 diem:
1318 1219 1507 1277 vultus
1549 1220 1846 1278 hominum
1886 1230 1947 1278 te
1989 1218 2351 1277 intuentium
2400 1230 2486 1277 at-

482 1320 595 1377 que
623 1300 1029 1360 admirantium
1056 1298 1377 1358 recordare.
1459 1298 1620 1356 Num
1649 1317 1776 1375 quae
1802 1296 2148 1375 trepidatio?
2189 1317 2340 1356 num
2376 1298 2485 1375 qui
2587 1330 2594 1341 ‹

482 1380 803 1437 tumultus?
844 1398 984 1436 num
1011 1378 1170 1454 quid,
1199 1377 1312 1436 nisi
1341 1376 1657 1448 moderate,
1685 1376 1797 1436 nisi
1840 1375 2057 1453 quiete,
2083 1376 2200 1435 nisi
2248 1397 2324 1435 ex
2378 1378 2488 1435 ho-

482 1457 655 1516 minis
709 1457 1030 1534 gravissimi
1085 1467 1145 1515 et
1199 1456 1549 1515 sanctissimi
1604 1456 1952 1533 disciplina?
1998 1454 2006 1465 ’
2056 1455 2226 1517 Quid
2286 1456 2484 1533 igitur
2534 1469 2553 1485 ·

387 1540 455 1594 15
484 1555 674 1593 causae
701 1535 1016 1611 excogitari
1042 1546 1246 1613 potest,
1275 1554 1381 1593 cur
1407 1545 1465 1594 te
1490 1534 1713 1597 lautum
1739 1535 2000 1606 voluerit,
2028 1545 2327 1593 eoenatum
2373 1555 2484 1594 no-

480 1614 672 1686 luerit,
698 1614 1009 1673 occidere?
2427 1628 2438 1635 ‘

561 1691 633 1750 In
660 1703 949 1769 posterum
993 1692 1233 1773 (inquit)
1276 1693 1432 1751 diem
1471 1692 1722 1763 distulit3
1763 1701 1828 1751 ut
1868 1689 2026 1763 cum,
2053 1691 2114 1750 in
2156 1692 2478 1751 castellum

481 1769 767 1830 Luceium
809 1782 1040 1830 ventum
1080 1783 1251 1845 esset,
1299 1771 1381 1830 ibi
1422 1772 1675 1849 cogitata
1712 1772 2028 1849 perficeret,
2111 1770 2253 1831 Non
2293 1771 2486 1832 video·
2593 1855 2604 1865 ἱ

483 1868 719 1907 causam
774 1850 888 1908 loci
928 1851 1224 1920 mutandi:
1285 1851 1389 1909 sed
1444 1860 1639 1909 tamen
1680 1861 1813 1909 acta
1864 1870 1957 1908 res
1995 1849 2310 1911 criminose
2358 1861 2458 1908 est

382 1929 454 1983 20
484 1926 657 2000 Cum,
687 1929 891 2005 inquit,
920 1949 1147 1990 vomere
1173 1940 1232 1988 te
1257 1940 1384 2006 post
1423 1948 1651 1988 coenam
1696 1929 1843 1987 velle
1884 1929 2147 2001 dixisses,
2176 1929 2239 1987 in
2269 1929 2454 1988 balne
2519 1988 2528 1995 ,

483 2026 584 2085 um
610 2018 668 2066 te
697 2008 909 2066 ducere
937 2019 1266 2085 coeperunt;
1310 2008 1392 2066 ibi
1435 2009 1592 2069 enim
1637 2018 1804 2067 erant
1830 2008 2073 2067 insidias.
2156 2009 2240 2070 At
2269 2018 2329 2067 te
2374 2028 2476 2067 ea-

483 2087 615 2145 dem
644 2099 744 2146 tua
772 2087 999 2146 fortuna
1027 2087 1310 2146 servavit:
1355 2087 1415 2146 in
1460 2087 1795 2146 cubiculum
1842 2096 1901 2145 te
1932 2087 2018 2146 ire
2045 2087 2217 2145 malle
2245 2087 2454 2161 dixisti

481 2165 582 2225 Dii
609 2178 667 2225 te
693 2168 979 2243 perduint,
1010 2166 1283 2244 fugitive!
1328 2167 1411 2225 ita
1437 2187 1550 2226 non
1578 2164 1749 2225 modo
1777 2185 2025 2241 nequam
2063 2175 2121 2225 et
2148 2165 2452 2242 improbus

406 2232 423 2305 l
482 2248 585 2304 sed
626 2247 817 2304 fatuus
861 2256 920 2304 et
963 2265 1161 2305 amens
1188 2265 1295 2305 es„
1348 2245 1561 2307 Quid?
1603 2244 1699 2303 ille
1743 2243 1910 2322 signa
1955 2263 2118 2303 aenea
2145 2243 2205 2303 in
2233 2245 2472 2326 insidiis

381 2320 453 2375 25
481 2336 765 2401 posuerat,
793 2345 920 2401 quae
946 2345 981 2384 e
1009 2326 1215 2384 balneo
1240 2323 1301 2383 in
1330 2324 1664 2383 cubiculum
1706 2323 2002 2382 transferri
2042 2342 2157 2381 non
2184 2312 2482 2400 possent?

564 2404 764 2460 Habes
823 2404 1071 2461 crimina
1130 2404 1505 2471 insidiarum:
1573 2402 1717 2460 nihil
1780 2402 1936 2461 enim
1990 2401 2137 2460 dixit
2196 2401 2465 2480 amplius:

482 2480 729 2552 Horum,
759 2481 964 2556 inquit,
994 2501 1152 2540 eram
1192 2482 1480 2541 conscius.
1560 2481 1727 2544 Quid
1767 2482 1932 2539 tum¹l
1974 2480 2054 2538 ita
2093 2480 2336 2539 demens
2365 2482 2473 2542 ille

481 2569 625 2630 erat,
655 2570 718 2616 ut
744 2578 897 2631 eum,
927 2579 1099 2636 quem
1127 2561 1426 2620 conscium
1455 2559 1600 2620 tanti
1647 2560 1882 2618 sceleris
1924 2560 2194 2632 habebat,
2223 2578 2259 2617 a
2287 2580 2349 2618 se
2381 2561 2474 2619 di-

482 2637 772 2696 mitteret?
854 2638 1106 2697 Romam
1132 2639 1308 2698 etiam
1336 2640 1609 2711 mitteret,
1638 2638 1739 2696 ubi
1765 2648 1826 2696 et
1854 2638 2320 2698 inimicissim‘um
2347 2640 2472 2698 sci·

380 2722 454 2776 30
484 2726 569 2773 ret
596 2735 722 2774 esse
750 2728 1015 2793 nepotem
1042 2737 1231 2790 suum,
1260 2730 1319 2776 et
1347 2718 1417 2776 C.
1448 2718 1759 2788 Caesarem,
1790 2718 1887 2776 cui
1917 2717 2149 2775 fecisset
2175 2717 2469 2777 insidias?

480 2795 790 2871 proesertim
821 2792 956 2853 cum
985 2795 1033 2854 is
1061 2817 1209 2855 unus
1236 2807 1407 2869 esset,
1449 2796 1547 2872 qui
1573 2807 1764 2874 posset
1800 2795 1900 2874 [de
1942 2797 2178 2854 absente
2223 2816 2288 2854 se
2313 2798 2471 2855 indi-

481 2874 663 2954 care]
747 2875 825 2932 Et
864 2875 1066 2933 fratres
1106 2895 1281 2947 meos,
1324 2875 1527 2952 inquit,
1556 2875 1713 2952 quod
1751 2886 1916 2934 erant
1956 2875 2198 2947 conscii,
2240 2876 2303 2945 in
2343 2877 2472 2935 vin-

482 2953 615 3011 cula
655 2952 919 3029 conjecit.
1002 2952 1157 3014 Cum
1199 2955 1375 3033 igitur
1415 2975 1513 3013 eos
1552 2954 1816 3026 vinciret,
1859 2974 2001 3030 quos
2041 2973 2241 3012 secum
2282 2955 2469 3014 habe-

481 3033 610 3103 bat3
654 3043 712 3091 te
752 3033 1000 3091 solutum
1040 3034 1293 3092 Romam
1350 3035 1634 3106 mittebat,
1675 3033 1773 3109 qui
1828 3035 2034 3091 eadem
2089 3033 2290 3106 scireS,
2331 3053 2467 3109 quae

378 3116 451 3169 35
484 3111 608 3170 illos
635 3112 786 3170 scire
814 3111 1006 3170 dicis'l

558 3191 732 3249 VIII.
776 3190 1029 3266 Reliqua
1066 3210 1199 3268 pars
1240 3190 1627 3251 accusationis
1655 3191 1866 3268 duplex
1895 3191 2037 3250 fuit:
2079 3208 2218 3263 una,
2259 3210 2466 3269 regem

481 3289 703 3346 semper
744 3268 804 3327 in
844 3270 1093 3346 speculis
1134 3270 1330 3341 fuisse,
1360 3269 1494 3328 cum
1539 3291 1574 3329 a
1600 3281 1658 3328 te
1700 3270 1893 3329 animo
1918 3280 2070 3328 esset
2111 3269 2338 3341 alieno;
2380 3272 2468 3329 al·

480 3359 623 3419 tera,
653 3349 970 3407 exercitum
999 3367 1133 3407 eum
1162 3358 1365 3406 contra
1391 3361 1448 3408 te
1475 3368 1747 3427 magnum
1779 3348 2158 3425 comparasse.
2243 3349 2338 3409 De
2365 3369 2467 3408 ex-

481 3427 666 3485 ercitu
693 3428 884 3484 dicam
915 3427 1178 3498 breviter,
1208 3438 1271 3484 ut
1310 3439 1537 3486 caetera.
1621 3427 1936 3502 Nunquam
1978 3447 2078 3485 eas
2119 3428 2320 3504 copias
2357 3429 2464 3491 fex

381 3504 451 3557 40
482 3506 788 3571 Deiotarus
815 3506 1035 3576 habuit,
1065 3505 1271 3581 quibus
1299 3506 1509 3565 inferre
1540 3507 1749 3565 bellum
1791 3502 1998 3583 populo
2037 3506 2465 3585 Romffiopoe-

480 3596 598 3655 set;
641 3585 742 3643 sed
770 3585 978 3659 quibus
1005 3584 1150 3642 fines
1176 3604 1309 3642 suos
1337 3584 1411 3643 ab
1451 3585 1885 3643 excursionibus
1925 3578 2174 3643 hostium
2200 3584 2478 3647 etimne-

481 3664 651 3720 ciniis
678 3674 952 3734 tueretur,
981 3674 1039 3720 et
1067 3663 1499 3739 imperatoribus
1526 3664 1733 3722 nostris
1756 3664 1969 3722 auxilia
1995 3664 2263 3722 mitteret.
2351 3667 2444 3725 Ar

478 3758 592 3812 que
647 3753 817 3796 antea
854 3741 1087 3816 quidem
1128 3741 1372 3817 majores
1411 3741 1606 3817 copias
1647 3742 1802 3799 alere
1839 3751 2096 3818 poterat3
2138 3762 2299 3800 nunc
2339 3742 2442 3805 eii

479 3833 626 3889 guas
652 3817 744 3872 vix
765 3817 912 3873 tueri
937 3828 1136 3892 potest.
2333 3850 2337 3855 ·
2367 3848 2378 3855 =
