<?xml version="1.0" encoding="UTF-8"?>
<!DOCTYPE html PUBLIC "-//W3C//DTD XHTML 1.0 Transitional//EN"
    "http://www.w3.org/TR/xhtml1/DTD/xhtml1-transitional.dtd">
<html xmlns="http://www.w3.org/1999/xhtml" xml:lang="en" lang="en">
 <head>
  <title>
</title>
<meta http-equiv="Content-Type" content="text/html;charset=utf-8" />
  <meta name='ocr-system' content='tesseract 3.04.00' />
  <meta name='ocr-capabilities' content='ocr_page ocr_carea ocr_par ocr_line ocrx_word'/>
</head>
<body>
  <div class='ocr_page' id='page_1' title='image "./mtciceronisorat01folsgoog_0147.png"; bbox 0 0 2667 4242; ppageno 0'>
   <div class='ocr_carea' id='block_1_1' title="bbox 758 268 2333 335">
    <p class='ocr_par' dir='ltr' id='par_1_1' title="bbox 758 268 2333 335">
     <span class='ocr_line' id='line_1_1' title="bbox 758 268 2333 335; baseline 0 -14"><span class='ocrx_word' id='word_1_1' title='bbox 758 271 1030 321; x_wconf 78' lang='lat' dir='ltr'><strong>ORATIO</strong></span> <span class='ocrx_word' id='word_1_2' title='bbox 1076 270 1151 318; x_wconf 83' lang='lat' dir='ltr'>IN</span> <span class='ocrx_word' id='word_1_3' title='bbox 1199 270 1274 319; x_wconf 91' lang='lat' dir='ltr'>M.</span> <span class='ocrx_word' id='word_1_4' title='bbox 1319 268 1726 320; x_wconf 84' lang='lat' dir='ltr'>ANTONIUM.</span> <span class='ocrx_word' id='word_1_5' title='bbox 2225 273 2333 335; x_wconf 79' lang='lat'>141</span> 
     </span>
    </p>
   </div>
   <div class='ocr_carea' id='block_1_2' title="bbox 246 413 2346 3890">
    <p class='ocr_par' dir='ltr' id='par_1_2' title="bbox 246 413 2236 649">
     <span class='ocr_line' id='line_1_2' title="bbox 247 413 2236 492; baseline -0.003 -18"><span class='ocrx_word' id='word_1_6' title='bbox 247 413 387 475; x_wconf 84' lang='lat' dir='ltr'>dam</span> <span class='ocrx_word' id='word_1_7' title='bbox 417 434 432 485; x_wconf 91' lang='lat'>;</span> <span class='ocrx_word' id='word_1_8' title='bbox 476 424 560 487; x_wconf 88' lang='lat' dir='ltr'>ut,</span> <span class='ocrx_word' id='word_1_9' title='bbox 588 413 637 472; x_wconf 88' lang='lat' dir='ltr'>si</span> <span class='ocrx_word' id='word_1_10' title='bbox 665 416 874 491; x_wconf 81' lang='lat' dir='ltr'>saepius</span> <span class='ocrx_word' id='word_1_11' title='bbox 901 413 1314 473; x_wconf 89' lang='lat' dir='ltr'>decertandum</span> <span class='ocrx_word' id='word_1_12' title='bbox 1362 413 1437 471; x_wconf 91' lang='lat' dir='ltr'>sit</span> <span class='ocrx_word' id='word_1_13' title='bbox 1466 414 1559 490; x_wconf 92' lang='lat' dir='ltr'>(ut</span> <span class='ocrx_word' id='word_1_14' title='bbox 1599 413 1761 492; x_wconf 91' lang='lat' dir='ltr'>erit),</span> <span class='ocrx_word' id='word_1_15' title='bbox 1803 432 2027 488; x_wconf 83' lang='lat' dir='ltr'>semper</span> <span class='ocrx_word' id='word_1_16' title='bbox 2056 432 2236 475; x_wconf 86' lang='lat' dir='ltr'>novus</span> 
     </span>
     <span class='ocr_line' id='line_1_3' title="bbox 247 492 2234 568; baseline -0.001 -18"><span class='ocrx_word' id='word_1_17' title='bbox 247 493 520 559; x_wconf 86' lang='lat' dir='ltr'>veniam:</span> <span class='ocrx_word' id='word_1_18' title='bbox 584 514 756 568; x_wconf 89' lang='lat' dir='ltr'>quam</span> <span class='ocrx_word' id='word_1_19' title='bbox 819 493 1151 551; x_wconf 83' lang='lat' dir='ltr'><strong>facultatem</strong></span> <span class='ocrx_word' id='word_1_20' title='bbox 1209 492 1354 550; x_wconf 88' lang='lat' dir='ltr'>mihi</span> <span class='ocrx_word' id='word_1_21' title='bbox 1408 494 1714 551; x_wconf 86' lang='lat' dir='ltr'>multitudo</span> <span class='ocrx_word' id='word_1_22' title='bbox 1766 493 1930 550; x_wconf 88' lang='lat' dir='ltr'>istius</span> <span class='ocrx_word' id='word_1_23' title='bbox 1970 492 2234 550; x_wconf 86' lang='lat' dir='ltr'>vitiorum</span> 
     </span>
     <span class='ocr_line' id='line_1_4' title="bbox 246 572 1398 649; baseline -0.001 -20"><span class='ocrx_word' id='word_1_24' title='bbox 246 582 737 648; x_wconf 79' lang='lat' dir='ltr'>peccatorumque</span> <span class='ocrx_word' id='word_1_25' title='bbox 764 572 1019 649; x_wconf 87' lang='lat' dir='ltr'>largitur.</span> <span class='ocrx_word' id='word_1_26' title='bbox 1393 593 1398 598; x_wconf 93' lang='lat'><strong>·</strong></span> 
     </span>
    </p>

    <p class='ocr_par' dir='ltr' id='par_1_3' title="bbox 249 642 2341 1196">
     <span class='ocr_line' id='line_1_5' title="bbox 329 642 2237 727; baseline -0.001 -19"><span class='ocrx_word' id='word_1_27' title='bbox 329 651 572 709; x_wconf 88' lang='lat' dir='ltr'>XVIII.</span> <span class='ocrx_word' id='word_1_28' title='bbox 645 651 829 709; x_wconf 82' lang='lat' dir='ltr'><strong>Visne</strong></span> <span class='ocrx_word' id='word_1_29' title='bbox 871 650 1043 727; x_wconf 86' lang='lat' dir='ltr'>igitur</span> <span class='ocrx_word' id='word_1_30' title='bbox 1073 659 1142 720; x_wconf 15' lang='lat' dir='ltr'>,te</span> <span class='ocrx_word' id='word_1_31' title='bbox 1184 642 1560 726; x_wconf 76' lang='lat' dir='ltr'>inspiciamus</span> <span class='ocrx_word' id='word_1_32' title='bbox 1602 670 1637 708; x_wconf 89' lang='lat' dir='ltr'>a</span> <span class='ocrx_word' id='word_1_33' title='bbox 1680 653 1902 727; x_wconf 61' lang='lat' dir='ltr'>puero¹.l</span> <span class='ocrx_word' id='word_1_34' title='bbox 1990 650 2093 711; x_wconf 87' lang='lat' dir='ltr'>Sic</span> <span class='ocrx_word' id='word_1_35' title='bbox 2118 649 2237 725; x_wconf 91' lang='lat' dir='ltr'>opi-</span> 
     </span>
     <span class='ocr_line' id='line_1_6' title="bbox 249 729 2341 807; baseline -0 -20"><span class='ocrx_word' id='word_1_36' title='bbox 249 749 376 788; x_wconf 88' lang='lat' dir='ltr'><strong>nor.</strong></span> <span class='ocrx_word' id='word_1_37' title='bbox 462 731 515 786; x_wconf 84' lang='lat' dir='ltr'>A</span> <span class='ocrx_word' id='word_1_38' title='bbox 565 730 848 807; x_wconf 90' lang='lat' dir='ltr'>principio</span> <span class='ocrx_word' id='word_1_39' title='bbox 891 731 1199 788; x_wconf 87' lang='lat' dir='ltr'>ordiamur.</span> <span class='ocrx_word' id='word_1_40' title='bbox 1283 730 1559 787; x_wconf 84' lang='lat' dir='ltr'>Tenesne</span> <span class='ocrx_word' id='word_1_41' title='bbox 1600 729 1894 801; x_wconf 75' lang='lat' dir='ltr'>memoria,</span> <span class='ocrx_word' id='word_1_42' title='bbox 1939 737 2237 805; x_wconf 82' lang='lat' dir='ltr'>prae&#39;texta-</span> <span class='ocrx_word' id='word_1_43' title='bbox 2304 739 2341 792; x_wconf 87' lang='grc'><strong>5</strong></span> 
     </span>
     <span class='ocr_line' id='line_1_7' title="bbox 249 807 2238 885; baseline 0.001 -20"><span class='ocrx_word' id='word_1_44' title='bbox 249 818 379 865; x_wconf 87' lang='lat' dir='ltr'>tum</span> <span class='ocrx_word' id='word_1_45' title='bbox 420 818 478 866; x_wconf 88' lang='lat' dir='ltr'>te</span> <span class='ocrx_word' id='word_1_46' title='bbox 521 809 859 868; x_wconf 67' lang='lat' dir='ltr'>decoxisse?</span> <span class='ocrx_word' id='word_1_47' title='bbox 942 808 1150 879; x_wconf 88' lang='lat' dir='ltr'>Patris,</span> <span class='ocrx_word' id='word_1_48' title='bbox 1195 807 1442 882; x_wconf 78' lang='lat' dir='ltr'>inquieS,</span> <span class='ocrx_word' id='word_1_49' title='bbox 1473 808 1583 866; x_wconf 88' lang='lat' dir='ltr'>ista</span> <span class='ocrx_word' id='word_1_50' title='bbox 1629 809 1799 885; x_wconf 89' lang='lat' dir='ltr'>culpa</span> <span class='ocrx_word' id='word_1_51' title='bbox 1825 818 1928 866; x_wconf 90' lang='lat' dir='ltr'>est.</span> <span class='ocrx_word' id='word_1_52' title='bbox 2013 809 2238 866; x_wconf 88' lang='lat' dir='ltr'>Conce-</span> 
     </span>
     <span class='ocr_line' id='line_1_8' title="bbox 252 886 2236 965; baseline -0.001 -20"><span class='ocrx_word' id='word_1_53' title='bbox 252 888 365 946; x_wconf 89' lang='lat' dir='ltr'>do:</span> <span class='ocrx_word' id='word_1_54' title='bbox 409 888 623 946; x_wconf 86' lang='lat' dir='ltr'>etenim</span> <span class='ocrx_word' id='word_1_55' title='bbox 651 899 738 946; x_wconf 88' lang='lat' dir='ltr'>est</span> <span class='ocrx_word' id='word_1_56' title='bbox 763 888 993 964; x_wconf 91' lang='lat' dir='ltr'>pietatis</span> <span class='ocrx_word' id='word_1_57' title='bbox 1013 888 1184 965; x_wconf 85' lang='lat' dir='ltr'>plena</span> <span class='ocrx_word' id='word_1_58' title='bbox 1210 888 1485 945; x_wconf 84' lang='lat' dir='ltr'>defensio.</span> <span class='ocrx_word' id='word_1_59' title='bbox 1570 886 1722 946; x_wconf 92' lang='lat' dir='ltr'>Illud</span> <span class='ocrx_word' id='word_1_60' title='bbox 1751 899 1942 946; x_wconf 89' lang='lat' dir='ltr'>tamen</span> <span class='ocrx_word' id='word_1_61' title='bbox 1976 888 2236 945; x_wconf 82' lang='lat' dir='ltr'>audaciae</span> 
     </span>
     <span class='ocr_line' id='line_1_9' title="bbox 250 965 2237 1044; baseline 0.001 -21"><span class='ocrx_word' id='word_1_62' title='bbox 250 976 391 1038; x_wconf 83' lang='lat' dir='ltr'>tuae,</span> <span class='ocrx_word' id='word_1_63' title='bbox 421 966 574 1042; x_wconf 71' lang='lat' dir='ltr'>quod</span> <span class='ocrx_word' id='word_1_64' title='bbox 604 967 802 1025; x_wconf 90' lang='lat' dir='ltr'>sedisti</span> <span class='ocrx_word' id='word_1_65' title='bbox 832 969 890 1025; x_wconf 90' lang='lat' dir='ltr'>in</span> <span class='ocrx_word' id='word_1_66' title='bbox 920 966 1355 1043; x_wconf 89' lang='lat' dir='ltr'>quatuordecim</span> <span class='ocrx_word' id='word_1_67' title='bbox 1382 966 1697 1038; x_wconf 90' lang='lat' dir='ltr'>ordinibus,</span> <span class='ocrx_word' id='word_1_68' title='bbox 1727 965 1862 1024; x_wconf 73' lang='lat' dir='ltr'>cum</span> <span class='ocrx_word' id='word_1_69' title='bbox 1910 979 2080 1037; x_wconf 89' lang='lat' dir='ltr'>esset,</span> <span class='ocrx_word' id='word_1_70' title='bbox 2108 967 2237 1044; x_wconf 89' lang='lat' dir='ltr'>lege</span> 
     </span>
     <span class='ocr_line' id='line_1_10' title="bbox 253 1044 2238 1122; baseline -0.001 -20"><span class='ocrx_word' id='word_1_71' title='bbox 253 1044 501 1117; x_wconf 70' lang='lat' dir='ltr'>Roscia,</span> <span class='ocrx_word' id='word_1_72' title='bbox 529 1046 929 1117; x_wconf 81' lang='lat' dir='ltr'>decoctoribus</span> <span class='ocrx_word' id='word_1_73' title='bbox 976 1056 1169 1104; x_wconf 90' lang='lat' dir='ltr'>certus</span> <span class='ocrx_word' id='word_1_74' title='bbox 1214 1044 1376 1102; x_wconf 84' lang='lat' dir='ltr'>locus</span> <span class='ocrx_word' id='word_1_75' title='bbox 1422 1045 1784 1118; x_wconf 77' lang='lat' dir='ltr'>constitutus,</span> <span class='ocrx_word' id='word_1_76' title='bbox 1812 1046 2069 1122; x_wconf 87' lang='lat' dir='ltr'>quamvis</span> <span class='ocrx_word' id='word_1_77' title='bbox 2109 1044 2238 1120; x_wconf 87' lang='lat' dir='ltr'>quis</span> 
     </span>
     <span class='ocr_line' id='line_1_11' title="bbox 258 1122 2341 1196; baseline -0.001 -14"><span class='ocrx_word' id='word_1_78' title='bbox 258 1124 499 1182; x_wconf 85' lang='lat' dir='ltr'>fortunae</span> <span class='ocrx_word' id='word_1_79' title='bbox 527 1125 682 1196; x_wconf 85' lang='lat' dir='ltr'>vitio,</span> <span class='ocrx_word' id='word_1_80' title='bbox 712 1145 826 1182; x_wconf 94' lang='lat' dir='ltr'>non</span> <span class='ocrx_word' id='word_1_81' title='bbox 854 1145 977 1196; x_wconf 90' lang='lat' dir='ltr'>suo,</span> <span class='ocrx_word' id='word_1_82' title='bbox 1007 1122 1350 1193; x_wconf 56' lang='lat' dir='ltr'>decoxisset:</span> <span class='ocrx_word' id='word_1_83' title='bbox 2273 1136 2341 1190; x_wconf 88' lang='lat'>10</span> 
     </span>
    </p>

    <p class='ocr_par' dir='ltr' id='par_1_4' title="bbox 253 1202 2343 1582">
     <span class='ocr_line' id='line_1_12' title="bbox 340 1202 2238 1280; baseline -0.001 -20"><span class='ocrx_word' id='word_1_84' title='bbox 340 1204 646 1279; x_wconf 82' lang='lat' dir='ltr'>Sumpsisti</span> <span class='ocrx_word' id='word_1_85' title='bbox 674 1203 897 1262; x_wconf 87' lang='lat' dir='ltr'>virilem</span> <span class='ocrx_word' id='word_1_86' title='bbox 939 1214 1152 1280; x_wconf 87' lang='lat' dir='ltr'>togam,</span> <span class='ocrx_word' id='word_1_87' title='bbox 1201 1220 1374 1277; x_wconf 88' lang='lat' dir='ltr'>quam</span> <span class='ocrx_word' id='word_1_88' title='bbox 1423 1202 1616 1260; x_wconf 89' lang='lat' dir='ltr'>statim</span> <span class='ocrx_word' id='word_1_89' title='bbox 1663 1203 2005 1261; x_wconf 85' lang='lat' dir='ltr'>muliebrem</span> <span class='ocrx_word' id='word_1_90' title='bbox 2044 1212 2238 1280; x_wconf 89' lang='lat' dir='ltr'>togam</span> 
     </span>
     <span class='ocr_line' id='line_1_13' title="bbox 253 1281 2280 1359; baseline 0 -21"><span class='ocrx_word' id='word_1_91' title='bbox 253 1282 593 1340; x_wconf 89' lang='lat' dir='ltr'>reddidisti:</span> <span class='ocrx_word' id='word_1_92' title='bbox 653 1281 837 1359; x_wconf 71' lang='lat' dir='ltr'>primo</span> <span class='ocrx_word' id='word_1_93' title='bbox 897 1283 1133 1359; x_wconf 87' lang='lat' dir='ltr'>vulgare</span> <span class='ocrx_word' id='word_1_94' title='bbox 1189 1293 1475 1339; x_wconf 90' lang='lat' dir='ltr'>scortum:</span> <span class='ocrx_word' id='word_1_95' title='bbox 1534 1292 1694 1339; x_wconf 87' lang='lat' dir='ltr'>certa</span> <span class='ocrx_word' id='word_1_96' title='bbox 1751 1281 1953 1359; x_wconf 88' lang='lat' dir='ltr'>flagitii</span> <span class='ocrx_word' id='word_1_97' title='bbox 1995 1301 2237 1353; x_wconf 76' lang='lat' dir='ltr'>merceS,</span> <span class='ocrx_word' id='word_1_98' title='bbox 2275 1316 2280 1319; x_wconf 90' lang='lat'><em>-</em></span> 
     </span>
     <span class='ocr_line' id='line_1_14' title="bbox 254 1359 2240 1438; baseline 0.001 -20"><span class='ocrx_word' id='word_1_99' title='bbox 254 1380 373 1418; x_wconf 90' lang='lat' dir='ltr'>nec</span> <span class='ocrx_word' id='word_1_100' title='bbox 400 1379 471 1419; x_wconf 87' lang='lat' dir='ltr'>ea</span> <span class='ocrx_word' id='word_1_101' title='bbox 496 1381 685 1438; x_wconf 85' lang='lat' dir='ltr'>parva.</span> <span class='ocrx_word' id='word_1_102' title='bbox 770 1361 888 1419; x_wconf 89' lang='lat' dir='ltr'>Sed</span> <span class='ocrx_word' id='word_1_103' title='bbox 918 1360 1034 1420; x_wconf 73' lang='lat' dir='ltr'>cito</span> <span class='ocrx_word' id='word_1_104' title='bbox 1065 1360 1246 1419; x_wconf 86' lang='lat' dir='ltr'>Curio</span> <span class='ocrx_word' id='word_1_105' title='bbox 1273 1360 1598 1432; x_wconf 84' lang='lat' dir='ltr'>intervenit,</span> <span class='ocrx_word' id='word_1_106' title='bbox 1629 1359 1726 1436; x_wconf 91' lang='lat' dir='ltr'>qui</span> <span class='ocrx_word' id='word_1_107' title='bbox 1766 1371 1823 1418; x_wconf 91' lang='lat' dir='ltr'>te</span> <span class='ocrx_word' id='word_1_108' title='bbox 1853 1380 1887 1418; x_wconf 90' lang='lat' dir='ltr'>a</span> <span class='ocrx_word' id='word_1_109' title='bbox 1913 1360 2240 1419; x_wconf 90' lang='lat' dir='ltr'>meretricio</span> 
     </span>
     <span class='ocr_line' id='line_1_15' title="bbox 255 1439 2240 1516; baseline 0 -19"><span class='ocrx_word' id='word_1_110' title='bbox 255 1451 479 1516; x_wconf 84' lang='lat' dir='ltr'>quaestu</span> <span class='ocrx_word' id='word_1_111' title='bbox 511 1439 777 1509; x_wconf 87' lang='lat' dir='ltr'>abduxit;</span> <span class='ocrx_word' id='word_1_112' title='bbox 822 1451 898 1512; x_wconf 89' lang='lat' dir='ltr'>et,</span> <span class='ocrx_word' id='word_1_113' title='bbox 927 1450 1204 1516; x_wconf 83' lang='lat' dir='ltr'>tanquam</span> <span class='ocrx_word' id='word_1_114' title='bbox 1232 1441 1437 1498; x_wconf 89' lang='lat' dir='ltr'>stolam</span> <span class='ocrx_word' id='word_1_115' title='bbox 1461 1439 1737 1512; x_wconf 86' lang='lat' dir='ltr'>dedisset,</span> <span class='ocrx_word' id='word_1_116' title='bbox 1767 1441 1827 1498; x_wconf 92' lang='lat' dir='ltr'>in</span> <span class='ocrx_word' id='word_1_117' title='bbox 1875 1440 2240 1498; x_wconf 88' lang='lat' dir='ltr'>matrimonio</span> 
     </span>
     <span class='ocr_line' id='line_1_16' title="bbox 255 1518 2343 1582; baseline 0.002 -5"><span class='ocrx_word' id='word_1_118' title='bbox 255 1518 453 1577; x_wconf 84' lang='lat' dir='ltr'>stabili</span> <span class='ocrx_word' id='word_1_119' title='bbox 480 1530 538 1576; x_wconf 89' lang='lat' dir='ltr'>et</span> <span class='ocrx_word' id='word_1_120' title='bbox 565 1530 724 1577; x_wconf 87' lang='lat' dir='ltr'>certo</span> <span class='ocrx_word' id='word_1_121' title='bbox 748 1519 974 1578; x_wconf 88' lang='lat' dir='ltr'>locavit.</span> <span class='ocrx_word' id='word_1_122' title='bbox 1002 1529 1027 1551; x_wconf 79' lang='lat'><em>⁶</em></span> <span class='ocrx_word' id='word_1_123' title='bbox 2276 1529 2343 1582; x_wconf 85' lang='lat'>15</span> 
     </span>
    </p>

    <p class='ocr_par' dir='ltr' id='par_1_5' title="bbox 254 1596 2344 2623">
     <span class='ocr_line' id='line_1_17' title="bbox 339 1596 2271 1675; baseline 0 -21"><span class='ocrx_word' id='word_1_124' title='bbox 339 1596 825 1671; x_wconf 74' lang='lat' dir='ltr'>Nemo‘unquam</span> <span class='ocrx_word' id='word_1_125' title='bbox 864 1618 1027 1675; x_wconf 87' lang='lat' dir='ltr'>puer,</span> <span class='ocrx_word' id='word_1_126' title='bbox 1068 1610 1294 1674; x_wconf 88' lang='lat' dir='ltr'>emptus</span> <span class='ocrx_word' id='word_1_127' title='bbox 1334 1598 1594 1658; x_wconf 91' lang='lat' dir='ltr'>libidinis</span> <span class='ocrx_word' id='word_1_128' title='bbox 1637 1598 1835 1670; x_wconf 66' lang='lat' dir='ltr'>causa,</span> <span class='ocrx_word' id='word_1_129' title='bbox 1863 1608 1982 1656; x_wconf 92' lang='lat' dir='ltr'>tam</span> <span class='ocrx_word' id='word_1_130' title='bbox 2026 1597 2133 1657; x_wconf 85' lang='lat' dir='ltr'>fuit</span> <span class='ocrx_word' id='word_1_131' title='bbox 2174 1596 2271 1654; x_wconf 90' lang='lat' dir='ltr'>in-</span> 
     </span>
     <span class='ocr_line' id='line_1_18' title="bbox 257 1677 2237 1753; baseline -0.001 -18"><span class='ocrx_word' id='word_1_132' title='bbox 257 1677 477 1736; x_wconf 90' lang='lat' dir='ltr'>domini</span> <span class='ocrx_word' id='word_1_133' title='bbox 516 1687 816 1753; x_wconf 82' lang='lat' dir='ltr'>potestate,</span> <span class='ocrx_word' id='word_1_134' title='bbox 856 1677 1029 1753; x_wconf 75' lang='lat' dir='ltr'>quam</span> <span class='ocrx_word' id='word_1_135' title='bbox 1071 1688 1131 1735; x_wconf 92' lang='lat' dir='ltr'>tu</span> <span class='ocrx_word' id='word_1_136' title='bbox 1188 1678 1249 1735; x_wconf 91' lang='lat' dir='ltr'>in</span> <span class='ocrx_word' id='word_1_137' title='bbox 1303 1677 1590 1736; x_wconf 88' lang='lat' dir='ltr'>Curionis.</span> <span class='ocrx_word' id='word_1_138' title='bbox 1687 1677 1938 1739; x_wconf 75' lang='lat' dir='ltr'>Quoties</span> <span class='ocrx_word' id='word_1_139' title='bbox 1978 1687 2036 1736; x_wconf 90' lang='lat' dir='ltr'>te</span> <span class='ocrx_word' id='word_1_140' title='bbox 2075 1687 2237 1753; x_wconf 88' lang='lat' dir='ltr'>pater</span> 
     </span>
     <span class='ocr_line' id='line_1_19' title="bbox 256 1754 2240 1834; baseline -0.002 -19"><span class='ocrx_word' id='word_1_141' title='bbox 256 1756 385 1833; x_wconf 88' lang='lat' dir='ltr'>ejus</span> <span class='ocrx_word' id='word_1_142' title='bbox 412 1756 582 1814; x_wconf 91' lang='lat' dir='ltr'>domo</span> <span class='ocrx_word' id='word_1_143' title='bbox 621 1756 727 1813; x_wconf 66' lang='lat' dir='ltr'>sua</span> <span class='ocrx_word' id='word_1_144' title='bbox 767 1754 978 1833; x_wconf 68' lang='lat' dir='ltr'>ejecit?</span> <span class='ocrx_word' id='word_1_145' title='bbox 1020 1757 1242 1831; x_wconf 88' lang='lat' dir='ltr'>quoties</span> <span class='ocrx_word' id='word_1_146' title='bbox 1280 1757 1547 1815; x_wconf 79' lang='lat' dir='ltr'>custodes</span> <span class='ocrx_word' id='word_1_147' title='bbox 1585 1757 1791 1834; x_wconf 89' lang='lat' dir='ltr'>posuit,</span> <span class='ocrx_word' id='word_1_148' title='bbox 1834 1777 1908 1815; x_wconf 92' lang='lat' dir='ltr'>ne</span> <span class='ocrx_word' id='word_1_149' title='bbox 1947 1756 2122 1814; x_wconf 90' lang='lat' dir='ltr'>limen</span> <span class='ocrx_word' id='word_1_150' title='bbox 2155 1756 2240 1812; x_wconf 89' lang='lat' dir='ltr'>in-</span> 
     </span>
     <span class='ocr_line' id='line_1_20' title="bbox 255 1833 2240 1911; baseline -0.001 -19"><span class='ocrx_word' id='word_1_151' title='bbox 255 1836 485 1894; x_wconf 61' lang='lat' dir='ltr'>trares?</span> <span class='ocrx_word' id='word_1_152' title='bbox 527 1833 664 1894; x_wconf 73' lang='lat' dir='ltr'>cum</span> <span class='ocrx_word' id='word_1_153' title='bbox 691 1845 753 1892; x_wconf 84' lang='lat' dir='ltr'>tu</span> <span class='ocrx_word' id='word_1_154' title='bbox 781 1845 996 1906; x_wconf 88' lang='lat' dir='ltr'>tamen,</span> <span class='ocrx_word' id='word_1_155' title='bbox 1025 1847 1196 1894; x_wconf 88' lang='lat' dir='ltr'>nocte</span> <span class='ocrx_word' id='word_1_156' title='bbox 1226 1835 1407 1907; x_wconf 71' lang='lat' dir='ltr'>socia,</span> <span class='ocrx_word' id='word_1_157' title='bbox 1435 1837 1695 1895; x_wconf 88' lang='lat' dir='ltr'>hortante</span> <span class='ocrx_word' id='word_1_158' title='bbox 1740 1835 2001 1907; x_wconf 85' lang='lat' dir='ltr'>libidine,</span> <span class='ocrx_word' id='word_1_159' title='bbox 2030 1854 2240 1911; x_wconf 87' lang='lat' dir='ltr'>cogen-</span> 
     </span>
     <span class='ocr_line' id='line_1_21' title="bbox 256 1913 2343 1991; baseline -0.001 -18"><span class='ocrx_word' id='word_1_160' title='bbox 256 1925 316 1973; x_wconf 91' lang='lat' dir='ltr'>te</span> <span class='ocrx_word' id='word_1_161' title='bbox 344 1915 634 1986; x_wconf 84' lang='lat' dir='ltr'>mercede,</span> <span class='ocrx_word' id='word_1_162' title='bbox 661 1934 761 1990; x_wconf 90' lang='lat' dir='ltr'>per</span> <span class='ocrx_word' id='word_1_163' title='bbox 787 1915 1012 1991; x_wconf 85' lang='lat' dir='ltr'>tegulas</span> <span class='ocrx_word' id='word_1_164' title='bbox 1040 1915 1438 1973; x_wconf 88' lang='lat' dir='ltr'>demitterere:</span> <span class='ocrx_word' id='word_1_165' title='bbox 1480 1935 1606 1991; x_wconf 87' lang='lat' dir='ltr'>quae</span> <span class='ocrx_word' id='word_1_166' title='bbox 1645 1915 1864 1991; x_wconf 87' lang='lat' dir='ltr'>flagitia</span> <span class='ocrx_word' id='word_1_167' title='bbox 1899 1916 2101 1972; x_wconf 90' lang='lat' dir='ltr'>domus</span> <span class='ocrx_word' id='word_1_168' title='bbox 2141 1913 2240 1971; x_wconf 83' lang='lat' dir='ltr'>illa</span> <span class='ocrx_word' id='word_1_169' title='bbox 2271 1919 2343 1977; x_wconf 66' lang='lat' dir='ltr'>z)</span> 
     </span>
     <span class='ocr_line' id='line_1_22' title="bbox 256 1992 2241 2070; baseline -0.001 -19"><span class='ocrx_word' id='word_1_170' title='bbox 256 1992 477 2051; x_wconf 87' lang='lat' dir='ltr'>diutius</span> <span class='ocrx_word' id='word_1_171' title='bbox 505 1992 652 2051; x_wconf 87' lang='lat' dir='ltr'>ferre</span> <span class='ocrx_word' id='word_1_172' title='bbox 680 2013 793 2052; x_wconf 92' lang='lat' dir='ltr'>non</span> <span class='ocrx_word' id='word_1_173' title='bbox 820 1994 1020 2070; x_wconf 89' lang='lat' dir='ltr'>potuit.</span> <span class='ocrx_word' id='word_1_174' title='bbox 1104 1993 1332 2065; x_wconf 85' lang='lat' dir='ltr'>Scisne,</span> <span class='ocrx_word' id='word_1_175' title='bbox 1361 2013 1455 2052; x_wconf 89' lang='lat' dir='ltr'>me</span> <span class='ocrx_word' id='word_1_176' title='bbox 1498 1996 1571 2052; x_wconf 90' lang='lat' dir='ltr'>de</span> <span class='ocrx_word' id='word_1_177' title='bbox 1615 1994 1788 2052; x_wconf 89' lang='lat' dir='ltr'>rebus</span> <span class='ocrx_word' id='word_1_178' title='bbox 1833 1992 1975 2050; x_wconf 90' lang='lat' dir='ltr'>mihi</span> <span class='ocrx_word' id='word_1_179' title='bbox 2015 1992 2241 2049; x_wconf 90' lang='lat' dir='ltr'>notissi-</span> 
     </span>
     <span class='ocr_line' id='line_1_23' title="bbox 256 2069 2242 2149; baseline -0.001 -19"><span class='ocrx_word' id='word_1_180' title='bbox 256 2073 371 2130; x_wconf 86' lang='lat' dir='ltr'>mis</span> <span class='ocrx_word' id='word_1_181' title='bbox 430 2070 669 2130; x_wconf 71' lang='lat' dir='ltr'>dicere?</span> <span class='ocrx_word' id='word_1_182' title='bbox 750 2072 1088 2131; x_wconf 87' lang='lat' dir='ltr'>Recordare</span> <span class='ocrx_word' id='word_1_183' title='bbox 1140 2081 1366 2149; x_wconf 90' lang='lat' dir='ltr'>tempus</span> <span class='ocrx_word' id='word_1_184' title='bbox 1432 2073 1595 2144; x_wconf 92' lang='lat' dir='ltr'>illud,</span> <span class='ocrx_word' id='word_1_185' title='bbox 1649 2069 1785 2129; x_wconf 72' lang='lat' dir='ltr'>cum</span> <span class='ocrx_word' id='word_1_186' title='bbox 1844 2081 2005 2147; x_wconf 89' lang='lat' dir='ltr'>pater</span> <span class='ocrx_word' id='word_1_187' title='bbox 2060 2070 2242 2145; x_wconf 86' lang='lat' dir='ltr'>Curio</span> 
     </span>
     <span class='ocr_line' id='line_1_24' title="bbox 256 2150 2243 2228; baseline -0.001 -20"><span class='ocrx_word' id='word_1_188' title='bbox 256 2170 508 2209; x_wconf 86' lang='lat' dir='ltr'>moerens</span> <span class='ocrx_word' id='word_1_189' title='bbox 541 2150 776 2227; x_wconf 86' lang='lat' dir='ltr'>jacebat</span> <span class='ocrx_word' id='word_1_190' title='bbox 815 2152 875 2209; x_wconf 93' lang='lat' dir='ltr'>in</span> <span class='ocrx_word' id='word_1_191' title='bbox 915 2152 1105 2210; x_wconf 87' lang='lat' dir='ltr'>lecto:</span> <span class='ocrx_word' id='word_1_192' title='bbox 1146 2152 1317 2223; x_wconf 84' lang='lat' dir='ltr'>filius,</span> <span class='ocrx_word' id='word_1_193' title='bbox 1360 2171 1423 2210; x_wconf 87' lang='lat' dir='ltr'>se</span> <span class='ocrx_word' id='word_1_194' title='bbox 1464 2153 1537 2209; x_wconf 92' lang='lat' dir='ltr'>ad</span> <span class='ocrx_word' id='word_1_195' title='bbox 1588 2151 1765 2228; x_wconf 88' lang='lat' dir='ltr'>pedes</span> <span class='ocrx_word' id='word_1_196' title='bbox 1806 2168 1964 2207; x_wconf 91' lang='lat' dir='ltr'>meos</span> <span class='ocrx_word' id='word_1_197' title='bbox 2001 2159 2243 2225; x_wconf 89' lang='lat' dir='ltr'>proster-</span> 
     </span>
     <span class='ocr_line' id='line_1_25' title="bbox 255 2230 2242 2306; baseline -0.002 -18"><span class='ocrx_word' id='word_1_198' title='bbox 255 2250 424 2301; x_wconf 79' lang='lat' dir='ltr'>nenS,</span> <span class='ocrx_word' id='word_1_199' title='bbox 453 2230 797 2306; x_wconf 83' lang='lat' dir='ltr'>lacrymans,</span> <span class='ocrx_word' id='word_1_200' title='bbox 825 2240 883 2289; x_wconf 87' lang='lat' dir='ltr'>te</span> <span class='ocrx_word' id='word_1_201' title='bbox 922 2230 1065 2289; x_wconf 89' lang='lat' dir='ltr'>mihi</span> <span class='ocrx_word' id='word_1_202' title='bbox 1106 2230 1581 2301; x_wconf 88' lang='lat' dir='ltr'>commendabat;</span> <span class='ocrx_word' id='word_1_203' title='bbox 1622 2230 1843 2300; x_wconf 90' lang='lat' dir='ltr'>orabat,</span> <span class='ocrx_word' id='word_1_204' title='bbox 1865 2238 1928 2285; x_wconf 89' lang='lat' dir='ltr'>ut</span> <span class='ocrx_word' id='word_1_205' title='bbox 1954 2237 2011 2286; x_wconf 92' lang='lat' dir='ltr'>te</span> <span class='ocrx_word' id='word_1_206' title='bbox 2039 2239 2242 2286; x_wconf 87' lang='lat' dir='ltr'>contra</span> 
     </span>
     <span class='ocr_line' id='line_1_26' title="bbox 256 2307 2344 2387; baseline -0 -21"><span class='ocrx_word' id='word_1_207' title='bbox 256 2327 428 2366; x_wconf 87' lang='lat' dir='ltr'>suum</span> <span class='ocrx_word' id='word_1_208' title='bbox 467 2321 710 2385; x_wconf 87' lang='lat' dir='ltr'>patrem,</span> <span class='ocrx_word' id='word_1_209' title='bbox 751 2309 801 2368; x_wconf 92' lang='lat' dir='ltr'>si</span> <span class='ocrx_word' id='word_1_210' title='bbox 840 2310 1166 2369; x_wconf 89' lang='lat' dir='ltr'>sestertium</span> <span class='ocrx_word' id='word_1_211' title='bbox 1222 2309 1485 2386; x_wconf 86' lang='lat' dir='ltr'>sexagies</span> <span class='ocrx_word' id='word_1_212' title='bbox 1536 2319 1777 2387; x_wconf 89' lang='lat' dir='ltr'>peteret,</span> <span class='ocrx_word' id='word_1_213' title='bbox 1835 2307 2236 2367; x_wconf 86' lang='lat' dir='ltr'>defenderem:</span> <span class='ocrx_word' id='word_1_214' title='bbox 2271 2324 2344 2379; x_wconf 75' lang='lat'>25</span> 
     </span>
     <span class='ocr_line' id='line_1_27' title="bbox 255 2388 2237 2465; baseline 0 -21"><span class='ocrx_word' id='word_1_215' title='bbox 255 2397 485 2446; x_wconf 87' lang='lat' dir='ltr'>tantum</span> <span class='ocrx_word' id='word_1_216' title='bbox 525 2389 682 2447; x_wconf 91' lang='lat' dir='ltr'>enim</span> <span class='ocrx_word' id='word_1_217' title='bbox 723 2409 786 2447; x_wconf 90' lang='lat' dir='ltr'>se</span> <span class='ocrx_word' id='word_1_218' title='bbox 825 2409 926 2465; x_wconf 91' lang='lat' dir='ltr'>pro</span> <span class='ocrx_word' id='word_1_219' title='bbox 980 2399 1039 2447; x_wconf 91' lang='lat' dir='ltr'>te</span> <span class='ocrx_word' id='word_1_220' title='bbox 1081 2388 1492 2447; x_wconf 89' lang='lat' dir='ltr'>intercessisse.</span> <span class='ocrx_word' id='word_1_221' title='bbox 1599 2388 1731 2465; x_wconf 90' lang='lat' dir='ltr'>Ipse</span> <span class='ocrx_word' id='word_1_222' title='bbox 1788 2399 2001 2458; x_wconf 87' lang='lat' dir='ltr'>autem,</span> <span class='ocrx_word' id='word_1_223' title='bbox 2045 2405 2237 2445; x_wconf 87' lang='lat' dir='ltr'>amore</span> 
     </span>
     <span class='ocr_line' id='line_1_28' title="bbox 259 2465 2237 2543; baseline -0.001 -18"><span class='ocrx_word' id='word_1_224' title='bbox 259 2468 490 2538; x_wconf 78' lang='lat' dir='ltr'>ardenS,</span> <span class='ocrx_word' id='word_1_225' title='bbox 519 2466 915 2540; x_wconf 86' lang='lat' dir='ltr'>confirmabat,</span> <span class='ocrx_word' id='word_1_226' title='bbox 949 2465 1106 2543; x_wconf 70' lang='lat' dir='ltr'>quod</span> <span class='ocrx_word' id='word_1_227' title='bbox 1149 2468 1500 2526; x_wconf 88' lang='lat' dir='ltr'>desiderium</span> <span class='ocrx_word' id='word_1_228' title='bbox 1527 2467 1613 2526; x_wconf 91' lang='lat' dir='ltr'>tui</span> <span class='ocrx_word' id='word_1_229' title='bbox 1653 2466 1885 2530; x_wconf 89' lang='lat' dir='ltr'>discidii</span> <span class='ocrx_word' id='word_1_230' title='bbox 1933 2466 2082 2525; x_wconf 83' lang='lat' dir='ltr'>serre</span> <span class='ocrx_word' id='word_1_231' title='bbox 2120 2468 2237 2525; x_wconf 82' lang='lat' dir='ltr'>no&#39;n</span> 
     </span>
     <span class='ocr_line' id='line_1_29' title="bbox 254 2545 1353 2623; baseline 0.001 -21"><span class='ocrx_word' id='word_1_232' title='bbox 254 2555 467 2623; x_wconf 89' lang='lat' dir='ltr'>posset,</span> <span class='ocrx_word' id='word_1_233' title='bbox 497 2566 560 2604; x_wconf 89' lang='lat' dir='ltr'>se</span> <span class='ocrx_word' id='word_1_234' title='bbox 588 2546 648 2604; x_wconf 91' lang='lat' dir='ltr'>in</span> <span class='ocrx_word' id='word_1_235' title='bbox 674 2546 937 2605; x_wconf 89' lang='lat' dir='ltr'>exsilium</span> <span class='ocrx_word' id='word_1_236' title='bbox 966 2566 1094 2605; x_wconf 90' lang='lat' dir='ltr'>esse</span> <span class='ocrx_word' id='word_1_237' title='bbox 1122 2545 1353 2604; x_wconf 82' lang='lat' dir='ltr'>iturum.</span> 
     </span>
    </p>

    <p class='ocr_par' dir='ltr' id='par_1_6' title="bbox 255 2623 2346 3252">
     <span class='ocr_line' id='line_1_30' title="bbox 336 2623 2236 2701; baseline -0.003 -14"><span class='ocrx_word' id='word_1_238' title='bbox 336 2624 479 2687; x_wconf 79' lang='lat' dir='ltr'>Quo</span> <span class='ocrx_word' id='word_1_239' title='bbox 506 2644 616 2701; x_wconf 88' lang='lat' dir='ltr'>ego</span> <span class='ocrx_word' id='word_1_240' title='bbox 641 2637 894 2701; x_wconf 89' lang='lat' dir='ltr'>tempore</span> <span class='ocrx_word' id='word_1_241' title='bbox 921 2635 1082 2683; x_wconf 86' lang='lat' dir='ltr'>tanta</span> <span class='ocrx_word' id='word_1_242' title='bbox 1109 2626 1263 2683; x_wconf 89' lang='lat' dir='ltr'>mala</span> <span class='ocrx_word' id='word_1_243' title='bbox 1290 2624 1703 2685; x_wconf 64' lang='lat' dir='ltr'>florentissima:</span> <span class='ocrx_word' id='word_1_244' title='bbox 1750 2624 1980 2683; x_wconf 66' lang='lat' dir='ltr'>familia:</span> <span class='ocrx_word' id='word_1_245' title='bbox 2022 2623 2236 2696; x_wconf 86' lang='lat' dir='ltr'>sedavi,</span> 
     </span>
     <span class='ocr_line' id='line_1_31' title="bbox 256 2701 2342 2781; baseline 0 -21"><span class='ocrx_word' id='word_1_246' title='bbox 256 2704 346 2761; x_wconf 86' lang='lat' dir='ltr'>vel</span> <span class='ocrx_word' id='word_1_247' title='bbox 375 2701 565 2779; x_wconf 69' lang='lat' dir='ltr'>potius</span> <span class='ocrx_word' id='word_1_248' title='bbox 592 2704 811 2761; x_wconf 87' lang='lat' dir='ltr'>sustuli.</span> <span class='ocrx_word' id='word_1_249' title='bbox 894 2704 1052 2762; x_wconf 88' lang='lat' dir='ltr'>Patri</span> <span class='ocrx_word' id='word_1_250' title='bbox 1079 2704 1358 2781; x_wconf 88' lang='lat' dir='ltr'>persuasi,</span> <span class='ocrx_word' id='word_1_251' title='bbox 1386 2715 1449 2763; x_wconf 93' lang='lat' dir='ltr'>ut</span> <span class='ocrx_word' id='word_1_252' title='bbox 1477 2724 1555 2762; x_wconf 82' lang='lat' dir='ltr'>oes</span> <span class='ocrx_word' id='word_1_253' title='bbox 1602 2705 1853 2762; x_wconf 89' lang='lat' dir='ltr'>alienum</span> <span class='ocrx_word' id='word_1_254' title='bbox 1897 2704 2000 2763; x_wconf 85' lang='lat' dir='ltr'>filii</span> <span class='ocrx_word' id='word_1_255' title='bbox 2040 2705 2237 2763; x_wconf 88' lang='lat' dir='ltr'>dissol-</span> <span class='ocrx_word' id='word_1_256' title='bbox 2269 2717 2342 2773; x_wconf 83' lang='lat'>30</span> 
     </span>
     <span class='ocr_line' id='line_1_32' title="bbox 256 2783 2238 2859; baseline 0.001 -20"><span class='ocrx_word' id='word_1_257' title='bbox 256 2792 453 2841; x_wconf 79' lang='lat' dir='ltr'>vetet:</span> <span class='ocrx_word' id='word_1_258' title='bbox 484 2783 803 2856; x_wconf 76' lang='lat' dir='ltr'>&#39;redimeret</span> <span class='ocrx_word' id='word_1_259' title='bbox 843 2783 1287 2854; x_wconf 88' lang='lat' dir='ltr'>adolescentem,</span> <span class='ocrx_word' id='word_1_260' title='bbox 1330 2785 1555 2841; x_wconf 64' lang='lat' dir='ltr'>summa</span> <span class='ocrx_word' id='word_1_261' title='bbox 1596 2803 1697 2859; x_wconf 88' lang='lat' dir='ltr'>spe</span> <span class='ocrx_word' id='word_1_262' title='bbox 1736 2793 1794 2842; x_wconf 88' lang='lat' dir='ltr'>et</span> <span class='ocrx_word' id='word_1_263' title='bbox 1836 2784 2013 2843; x_wconf 90' lang='lat' dir='ltr'>animi</span> <span class='ocrx_word' id='word_1_264' title='bbox 2055 2794 2114 2842; x_wconf 90' lang='lat' dir='ltr'>et</span> <span class='ocrx_word' id='word_1_265' title='bbox 2155 2783 2238 2841; x_wconf 92' lang='lat' dir='ltr'>in-</span> 
     </span>
     <span class='ocr_line' id='line_1_33' title="bbox 258 2861 2238 2947; baseline 0.001 -29"><span class='ocrx_word' id='word_1_266' title='bbox 258 2862 421 2938; x_wconf 88' lang='lat' dir='ltr'>genii</span> <span class='ocrx_word' id='word_1_267' title='bbox 461 2862 784 2947; x_wconf 87' lang='lat' dir='ltr'>praeditum,</span> <span class='ocrx_word' id='word_1_268' title='bbox 826 2861 910 2920; x_wconf 88' lang='lat' dir='ltr'>rei</span> <span class='ocrx_word' id='word_1_269' title='bbox 953 2861 1252 2921; x_wconf 80' lang='lat' dir='ltr'>familiaris</span> <span class='ocrx_word' id='word_1_270' title='bbox 1311 2862 1714 2932; x_wconf 85' lang='lat' dir='ltr'>facultatibus;</span> <span class='ocrx_word' id='word_1_271' title='bbox 1772 2882 2021 2938; x_wconf 89' lang='lat' dir='ltr'>eumque</span> <span class='ocrx_word' id='word_1_272' title='bbox 2063 2881 2097 2920; x_wconf 92' lang='lat' dir='ltr'>a</span> <span class='ocrx_word' id='word_1_273' title='bbox 2136 2862 2238 2920; x_wconf 67' lang='lat' dir='ltr'>tua</span> 
     </span>
     <span class='ocr_line' id='line_1_34' title="bbox 255 2939 2239 3018; baseline -0.001 -20"><span class='ocrx_word' id='word_1_274' title='bbox 255 2960 373 2998; x_wconf 89' lang='lat' dir='ltr'>non</span> <span class='ocrx_word' id='word_1_275' title='bbox 417 2939 586 2998; x_wconf 71' lang='lat' dir='ltr'>modo</span> <span class='ocrx_word' id='word_1_276' title='bbox 631 2940 1038 3012; x_wconf 88' lang='lat' dir='ltr'>familiaritate,</span> <span class='ocrx_word' id='word_1_277' title='bbox 1068 2941 1172 2998; x_wconf 91' lang='lat' dir='ltr'>sed</span> <span class='ocrx_word' id='word_1_278' title='bbox 1220 2942 1396 2999; x_wconf 89' lang='lat' dir='ltr'>etiam</span> <span class='ocrx_word' id='word_1_279' title='bbox 1438 2941 1862 3018; x_wconf 85' lang='lat' dir='ltr'>congressione,</span> <span class='ocrx_word' id='word_1_280' title='bbox 1890 2942 2076 3017; x_wconf 85' lang='lat' dir='ltr'>patrio</span> <span class='ocrx_word' id='word_1_281' title='bbox 2110 2941 2239 3016; x_wconf 89' lang='lat' dir='ltr'>jure</span> 
     </span>
     <span class='ocr_line' id='line_1_35' title="bbox 257 3017 2240 3097; baseline -0.001 -21"><span class='ocrx_word' id='word_1_282' title='bbox 257 3029 316 3077; x_wconf 92' lang='lat' dir='ltr'>et</span> <span class='ocrx_word' id='word_1_283' title='bbox 340 3029 621 3095; x_wconf 84' lang='lat' dir='ltr'>potestate</span> <span class='ocrx_word' id='word_1_284' title='bbox 648 3019 989 3094; x_wconf 88' lang='lat' dir='ltr'>prohiberet.</span> <span class='ocrx_word' id='word_1_285' title='bbox 1074 3020 1224 3079; x_wconf 81' lang='lat' dir='ltr'>Haec</span> <span class='ocrx_word' id='word_1_286' title='bbox 1251 3030 1312 3077; x_wconf 91' lang='lat' dir='ltr'>tu</span> <span class='ocrx_word' id='word_1_287' title='bbox 1342 3017 1477 3079; x_wconf 74' lang='lat' dir='ltr'>cum</span> <span class='ocrx_word' id='word_1_288' title='bbox 1517 3040 1618 3097; x_wconf 89' lang='lat' dir='ltr'>per</span> <span class='ocrx_word' id='word_1_289' title='bbox 1658 3038 1751 3075; x_wconf 90' lang='lat' dir='ltr'>me</span> <span class='ocrx_word' id='word_1_290' title='bbox 1781 3029 1912 3075; x_wconf 86' lang='lat' dir='ltr'>acta</span> <span class='ocrx_word' id='word_1_291' title='bbox 1951 3019 2240 3075; x_wconf 90' lang='lat' dir='ltr'>meminis-</span> 
     </span>
     <span class='ocr_line' id='line_1_36' title="bbox 257 3096 2346 3176; baseline -0.001 -20"><span class='ocrx_word' id='word_1_292' title='bbox 257 3117 388 3168; x_wconf 87' lang='lat' dir='ltr'>ses;</span> <span class='ocrx_word' id='word_1_293' title='bbox 431 3097 544 3155; x_wconf 90' lang='lat' dir='ltr'>nisi</span> <span class='ocrx_word' id='word_1_294' title='bbox 607 3098 738 3169; x_wconf 80' lang='lat' dir='ltr'>illis,</span> <span class='ocrx_word' id='word_1_295' title='bbox 781 3117 922 3173; x_wconf 88' lang='lat' dir='ltr'>quos</span> <span class='ocrx_word' id='word_1_296' title='bbox 963 3099 1242 3170; x_wconf 89' lang='lat' dir='ltr'>videmus,</span> <span class='ocrx_word' id='word_1_297' title='bbox 1283 3099 1493 3176; x_wconf 85' lang='lat' dir='ltr'>gladiis</span> <span class='ocrx_word' id='word_1_298' title='bbox 1534 3097 1873 3167; x_wconf 76' lang='lat' dir='ltr'>confidereS,</span> <span class='ocrx_word' id='word_1_299' title='bbox 1914 3096 2238 3154; x_wconf 89' lang='lat' dir='ltr'>maledictis</span> <span class='ocrx_word' id='word_1_300' title='bbox 2271 3107 2346 3161; x_wconf 86' lang='lat'>35</span> 
     </span>
     <span class='ocr_line' id='line_1_37' title="bbox 257 3180 1108 3252; baseline 0.001 -18"><span class='ocrx_word' id='word_1_301' title='bbox 257 3195 352 3234; x_wconf 92' lang='lat' dir='ltr'>me</span> <span class='ocrx_word' id='word_1_302' title='bbox 376 3196 687 3252; x_wconf 86' lang='lat' dir='ltr'>provocare</span> <span class='ocrx_word' id='word_1_303' title='bbox 716 3195 890 3235; x_wconf 88' lang='lat' dir='ltr'>ausus</span> <span class='ocrx_word' id='word_1_304' title='bbox 917 3180 1108 3236; x_wconf 72' lang='lat' dir='ltr'>esses?</span> 
     </span>
    </p>

    <p class='ocr_par' dir='ltr' id='par_1_7' title="bbox 254 3254 2343 3890">
     <span class='ocr_line' id='line_1_38' title="bbox 335 3254 2236 3333; baseline -0.002 -20"><span class='ocrx_word' id='word_1_305' title='bbox 335 3255 515 3313; x_wconf 87' lang='lat' dir='ltr'>XIX.</span> <span class='ocrx_word' id='word_1_306' title='bbox 587 3256 702 3314; x_wconf 86' lang='lat' dir='ltr'>Sed</span> <span class='ocrx_word' id='word_1_307' title='bbox 727 3256 846 3333; x_wconf 89' lang='lat' dir='ltr'>jam</span> <span class='ocrx_word' id='word_1_308' title='bbox 875 3267 1070 3333; x_wconf 88' lang='lat' dir='ltr'>stupra</span> <span class='ocrx_word' id='word_1_309' title='bbox 1097 3264 1154 3314; x_wconf 87' lang='lat' dir='ltr'>et</span> <span class='ocrx_word' id='word_1_310' title='bbox 1181 3255 1402 3333; x_wconf 86' lang='lat' dir='ltr'>flagitia</span> <span class='ocrx_word' id='word_1_311' title='bbox 1441 3254 1739 3314; x_wconf 86' lang='lat' dir='ltr'>omittam:</span> <span class='ocrx_word' id='word_1_312' title='bbox 1781 3263 1915 3312; x_wconf 91' lang='lat' dir='ltr'>sunt</span> <span class='ocrx_word' id='word_1_313' title='bbox 1954 3254 2236 3329; x_wconf 68' lang='lat' dir='ltr'>quaedam,</span> 
     </span>
     <span class='ocr_line' id='line_1_39' title="bbox 256 3331 2238 3411; baseline -0.002 -20"><span class='ocrx_word' id='word_1_314' title='bbox 256 3353 385 3409; x_wconf 85' lang='lat' dir='ltr'>quae</span> <span class='ocrx_word' id='word_1_315' title='bbox 414 3333 652 3393; x_wconf 70' lang='lat' dir='ltr'>honeste</span> <span class='ocrx_word' id='word_1_316' title='bbox 684 3355 797 3393; x_wconf 91' lang='lat' dir='ltr'>non</span> <span class='ocrx_word' id='word_1_317' title='bbox 823 3355 1053 3411; x_wconf 90' lang='lat' dir='ltr'>possum</span> <span class='ocrx_word' id='word_1_318' title='bbox 1094 3335 1322 3393; x_wconf 88' lang='lat' dir='ltr'>dicere:</span> <span class='ocrx_word' id='word_1_319' title='bbox 1365 3345 1430 3392; x_wconf 92' lang='lat' dir='ltr'>tu</span> <span class='ocrx_word' id='word_1_320' title='bbox 1471 3344 1662 3391; x_wconf 87' lang='lat' dir='ltr'>autem</span> <span class='ocrx_word' id='word_1_321' title='bbox 1690 3333 1761 3393; x_wconf 76' lang='grc' dir='ltr'>θό</span> <span class='ocrx_word' id='word_1_322' title='bbox 1802 3334 2054 3404; x_wconf 88' lang='lat' dir='ltr'>liberior,</span> <span class='ocrx_word' id='word_1_323' title='bbox 2083 3331 2238 3406; x_wconf 75' lang='lat' dir='ltr'>quod</span> 
     </span>
     <span class='ocr_line' id='line_1_40' title="bbox 255 3412 2241 3488; baseline -0.001 -18"><span class='ocrx_word' id='word_1_324' title='bbox 255 3433 329 3470; x_wconf 90' lang='lat' dir='ltr'>ea</span> <span class='ocrx_word' id='word_1_325' title='bbox 355 3412 418 3472; x_wconf 89' lang='lat' dir='ltr'>in</span> <span class='ocrx_word' id='word_1_326' title='bbox 444 3423 504 3471; x_wconf 89' lang='lat' dir='ltr'>te</span> <span class='ocrx_word' id='word_1_327' title='bbox 534 3413 834 3485; x_wconf 89' lang='lat' dir='ltr'>admisisti,</span> <span class='ocrx_word' id='word_1_328' title='bbox 863 3433 989 3488; x_wconf 88' lang='lat' dir='ltr'>quae</span> <span class='ocrx_word' id='word_1_329' title='bbox 1020 3434 1054 3472; x_wconf 89' lang='lat' dir='ltr'>a</span> <span class='ocrx_word' id='word_1_330' title='bbox 1080 3415 1410 3472; x_wconf 86' lang='lat' dir='ltr'>verecundo</span> <span class='ocrx_word' id='word_1_331' title='bbox 1437 3413 1674 3472; x_wconf 88' lang='lat' dir='ltr'>inimico</span> <span class='ocrx_word' id='word_1_332' title='bbox 1720 3413 1921 3471; x_wconf 87' lang='lat' dir='ltr'>audire</span> <span class='ocrx_word' id='word_1_333' title='bbox 1962 3431 2075 3470; x_wconf 93' lang='lat' dir='ltr'>non</span> <span class='ocrx_word' id='word_1_334' title='bbox 2116 3430 2241 3488; x_wconf 89' lang='lat' dir='ltr'>pos-</span> 
     </span>
     <span class='ocr_line' id='line_1_41' title="bbox 255 3489 2343 3567; baseline 0 -17"><span class='ocrx_word' id='word_1_335' title='bbox 255 3511 365 3550; x_wconf 89' lang='lat' dir='ltr'>ses.</span> <span class='ocrx_word' id='word_1_336' title='bbox 451 3489 571 3549; x_wconf 80' lang='lat' dir='ltr'>Sed</span> <span class='ocrx_word' id='word_1_337' title='bbox 599 3491 883 3567; x_wconf 90' lang='lat' dir='ltr'>reliquum</span> <span class='ocrx_word' id='word_1_338' title='bbox 910 3492 1038 3550; x_wconf 83' lang='lat' dir='ltr'>vitae</span> <span class='ocrx_word' id='word_1_339' title='bbox 1067 3512 1299 3551; x_wconf 91' lang='lat' dir='ltr'>cursum</span> <span class='ocrx_word' id='word_1_340' title='bbox 1342 3493 1564 3550; x_wconf 84' lang='lat' dir='ltr'>videte:</span> <span class='ocrx_word' id='word_1_341' title='bbox 1605 3511 1775 3567; x_wconf 90' lang='lat' dir='ltr'>quem</span> <span class='ocrx_word' id='word_1_342' title='bbox 1818 3490 2050 3565; x_wconf 90' lang='lat' dir='ltr'>quidem</span> <span class='ocrx_word' id='word_1_343' title='bbox 2092 3490 2240 3548; x_wconf 88' lang='lat' dir='ltr'>cele·</span> <span class='ocrx_word' id='word_1_344' title='bbox 2272 3496 2343 3551; x_wconf 81' lang='lat'>40</span> 
     </span>
     <span class='ocr_line' id='line_1_42' title="bbox 254 3568 2238 3649; baseline -0.001 -20"><span class='ocrx_word' id='word_1_345' title='bbox 254 3572 394 3630; x_wconf 90' lang='lat' dir='ltr'>riter</span> <span class='ocrx_word' id='word_1_346' title='bbox 433 3570 833 3649; x_wconf 85' lang='lat' dir='ltr'>perstringam.</span> <span class='ocrx_word' id='word_1_347' title='bbox 918 3573 1014 3628; x_wconf 87' lang='lat' dir='ltr'>Ad</span> <span class='ocrx_word' id='word_1_348' title='bbox 1068 3574 1193 3629; x_wconf 86' lang='lat' dir='ltr'>haec</span> <span class='ocrx_word' id='word_1_349' title='bbox 1246 3572 1424 3642; x_wconf 89' lang='lat' dir='ltr'>enim,</span> <span class='ocrx_word' id='word_1_350' title='bbox 1480 3588 1606 3644; x_wconf 86' lang='lat' dir='ltr'>quae</span> <span class='ocrx_word' id='word_1_351' title='bbox 1648 3571 1707 3628; x_wconf 92' lang='lat' dir='ltr'>in</span> <span class='ocrx_word' id='word_1_352' title='bbox 1769 3569 1924 3627; x_wconf 83' lang='lat' dir='ltr'>civili</span> <span class='ocrx_word' id='word_1_353' title='bbox 1967 3569 2135 3640; x_wconf 92' lang='lat' dir='ltr'>bello,</span> <span class='ocrx_word' id='word_1_354' title='bbox 2179 3568 2238 3628; x_wconf 93' lang='lat' dir='ltr'>in</span> 
     </span>
     <span class='ocr_line' id='line_1_43' title="bbox 255 3649 2239 3727; baseline -0.001 -20"><span class='ocrx_word' id='word_1_355' title='bbox 255 3649 525 3707; x_wconf 84' lang='lat' dir='ltr'>maximis</span> <span class='ocrx_word' id='word_1_356' title='bbox 566 3649 898 3726; x_wconf 86' lang='lat' dir='ltr'>reipublicae</span> <span class='ocrx_word' id='word_1_357' title='bbox 939 3650 1203 3720; x_wconf 89' lang='lat' dir='ltr'>miseriis,</span> <span class='ocrx_word' id='word_1_358' title='bbox 1248 3651 1406 3720; x_wconf 88' lang='lat' dir='ltr'>fecit,</span> <span class='ocrx_word' id='word_1_359' title='bbox 1464 3658 1521 3706; x_wconf 93' lang='lat' dir='ltr'>et</span> <span class='ocrx_word' id='word_1_360' title='bbox 1564 3649 1636 3706; x_wconf 89' lang='lat' dir='ltr'>ad</span> <span class='ocrx_word' id='word_1_361' title='bbox 1692 3668 1764 3706; x_wconf 90' lang='lat' dir='ltr'>ea</span> <span class='ocrx_word' id='word_1_362' title='bbox 1818 3666 1944 3723; x_wconf 88' lang='lat' dir='ltr'>quae</span> <span class='ocrx_word' id='word_1_363' title='bbox 1985 3649 2239 3727; x_wconf 89' lang='lat' dir='ltr'>quotidie</span> 
     </span>
     <span class='ocr_line' id='line_1_44' title="bbox 255 3727 2238 3804; baseline 0 -17"><span class='ocrx_word' id='word_1_364' title='bbox 255 3729 418 3799; x_wconf 84' lang='lat' dir='ltr'>facit,</span> <span class='ocrx_word' id='word_1_365' title='bbox 482 3729 716 3787; x_wconf 84' lang='lat' dir='ltr'>festinat</span> <span class='ocrx_word' id='word_1_366' title='bbox 778 3727 1020 3787; x_wconf 80' lang='lat' dir='ltr'>animuS.</span> <span class='ocrx_word' id='word_1_367' title='bbox 1115 3729 1292 3800; x_wconf 79' lang='lat' dir='ltr'>Quae,</span> <span class='ocrx_word' id='word_1_368' title='bbox 1353 3739 1504 3804; x_wconf 89' lang='lat' dir='ltr'>pet0,</span> <span class='ocrx_word' id='word_1_369' title='bbox 1547 3738 1628 3797; x_wconf 89' lang='lat' dir='ltr'>ut,</span> <span class='ocrx_word' id='word_1_370' title='bbox 1672 3746 1998 3802; x_wconf 90' lang='lat' dir='ltr'>quanquam</span> <span class='ocrx_word' id='word_1_371' title='bbox 2056 3727 2238 3787; x_wconf 65' lang='lat' dir='ltr'>multo</span> 
     </span>
     <span class='ocr_line' id='line_1_45' title="bbox 254 3805 2238 3890; baseline -0.001 -24"><span class='ocrx_word' id='word_1_372' title='bbox 254 3809 482 3867; x_wconf 79' lang='lat' dir='ltr'>notiora</span> <span class='ocrx_word' id='word_1_373' title='bbox 537 3808 697 3868; x_wconf 86' lang='lat' dir='ltr'>vobis</span> <span class='ocrx_word' id='word_1_374' title='bbox 754 3807 927 3884; x_wconf 73' lang='lat' dir='ltr'>quam</span> <span class='ocrx_word' id='word_1_375' title='bbox 988 3807 1128 3866; x_wconf 87' lang='lat' dir='ltr'>mihi</span> <span class='ocrx_word' id='word_1_376' title='bbox 1185 3817 1339 3879; x_wconf 89' lang='lat' dir='ltr'>sunt,</span> <span class='ocrx_word' id='word_1_377' title='bbox 1379 3818 1576 3890; x_wconf 87' lang='lat' dir='ltr'>tamen</span> <span class='ocrx_word' id='word_1_378' title='bbox 1618 3805 1710 3883; x_wconf 90' lang='lat' dir='ltr'>(ut</span> <span class='ocrx_word' id='word_1_379' title='bbox 1758 3806 1974 3885; x_wconf 88' lang='lat' dir='ltr'>facitis)</span> <span class='ocrx_word' id='word_1_380' title='bbox 2021 3806 2238 3865; x_wconf 67' lang='lat' dir='ltr'>attente</span> 
     </span>
    </p>
   </div>
   <div class='ocr_carea' id='block_1_3' title="bbox 603 3977 643 3998">
    <p class='ocr_par' dir='ltr' id='par_1_8' title="bbox 603 3977 643 3998">
     <span class='ocr_line' id='line_1_46' title="bbox 603 3977 643 3998; baseline 0 0"><span class='ocrx_word' id='word_1_381' title='bbox 603 3977 643 3998; x_wconf 53' lang='lat'>0«</span> 
     </span>
    </p>
   </div>
  </div>
 </body>
</html>
