2667 4242
354 290 436 348 10
851 284 1125 335 oltA'rlo
1169 284 1212 338 1.
1258 283 1334 333 m
1383 283 1444 333 L.
1489 284 1918 335 CATILINAM.

452 427 713 499 miseras,
743 427 880 487 cnm
909 428 990 486 illi
1020 427 1127 504 ipsi
1156 427 1467 499 venissent,
1495 448 1638 504 quos
1663 448 1774 506 ego
1795 427 1916 505 jam
1945 427 2140 487 multis
2168 447 2238 488 ac
2260 450 2389 490 sum

453 509 561 565 mis
592 508 726 566 viris
755 508 826 565 ad
858 527 949 565 me
976 508 1035 564 id
1065 508 1335 582 temporis
1365 521 1632 565 venturos
1657 528 1784 567 esse
1814 508 2206 583 praedixeram.

382 610 513 634 *-
534 588 605 644 V.
673 587 829 648 Quae
859 585 995 643 cum
1026 586 1107 643 ita
1133 587 1271 656 sint,
1296 586 1572 657 Catilina,
1597 607 1790 664 perge,
1813 585 1927 662 quo
1951 588 2177 663 coepisti
2196 632 2210 645 .
2251 601 2412 664 egre*

452 666 590 723 dere
633 666 943 742 aliquando
968 685 1040 722 ex
1070 666 1244 722 urbe:
1286 676 1488 741 patent
1513 661 1719 741 portae‘:
1761 666 2144 742 proficiscere.
2225 665 2412 724 Nimi-

380 745 417 798 5
455 743 551 800 um
581 745 680 802 diu
711 757 767 801 te
798 745 1200 820 imperatorem
1244 743 1346 801 illa
1381 755 1483 802 tua
1511 744 1817 802 Manliana
1843 755 2034 802 castra
2059 744 2407 803 desiderant.
2435 759 2444 764 ·

452 823 622 880 Educ
663 838 857 880 tecum
900 822 1074 880 etiam
1115 841 1317 880 omnes
1358 833 1524 893 tuos;
1567 824 1616 881 si
1656 822 1870 894 minus,
1898 823 2072 899 quam
2099 824 2408 900 plurimos:

450 921 633 978 purga
674 903 893 959 urbem.
978 901 1198 978 Magno
1241 921 1336 959 me
1378 913 1531 959 metu
1575 902 1868 973 liberabis,
1909 903 2221 961 dummodo
2260 902 2412 960 inter

450 998 545 1037 me
576 992 744 1056 atque
773 992 829 1038 te
858 999 1056 1038 murus
1092 980 1333 1038 intersit.
1417 979 1741 1038 Nobiscum
1783 981 1997 1038 versari
2031 981 2150 1056 jam
2193 980 2412 1039 diutius

450 1079 566 1116 non
597 1071 792 1135 potes:
834 1078 950 1116 non
982 1060 1183 1130 feram,
1211 1078 1328 1117 non
1358 1060 1563 1135 patiar,
1592 1079 1709 1117 non
1737 1060 1943 1117 sinam.
2029 1059 2250 1136 Magna
2278 1060 2411 1117 Diis

349 1136 417 1191 10
452 1137 868 1197 immortalibus
896 1139 1165 1195 habenda
1184 1151 1271 1197 est
1291 1139 1499 1214 gratia,
1524 1149 1693 1214 atque
1716 1139 1855 1196 huic
1879 1138 1986 1214 ipsi
2012 1137 2145 1195 Jovi
2174 1139 2409 1210 Statori,

452 1216 847 1292 antiquissimo
874 1217 1097 1275 custodi
1127 1218 1299 1293 hujus
1327 1217 1505 1287 urbis,
1532 1202 1688 1292 qnod
1718 1219 1871 1274 hanc
1898 1229 2016 1274 tam
2044 1226 2270 1288 tetram,
2291 1227 2411 1275 tam

451 1296 804 1368 horribilem,
845 1307 1076 1371 tamque
1121 1296 1389 1353 infestam
1430 1296 1784 1371 reipublicae,
1826 1306 2045 1371 pestem
2073 1296 2258 1353 toties
2287 1295 2412 1372 jam

449 1374 773 1450 effugimus.
857 1373 992 1431 Non
1022 1385 1110 1431 est
1138 1375 1348 1449 saepius
1377 1375 1434 1431 in
1467 1393 1588 1432 uno
1616 1375 1849 1432 homine
1877 1375 2033 1432 salus
2060 1393 2287 1433 summa
2312 1393 2413 1451 pe-

450 1452 760 1511 riclitanda
813 1454 1163 1528 reipublicae.
1245 1452 1548 1514 Quamdiu
1602 1453 1765 1524 mihi,
1808 1454 2034 1511 consuli
2088 1453 2410 1531 designato,

349 1541 416 1595 15
451 1531 727 1602 Catilina,
757 1532 1064 1588 insidiatus
1090 1549 1174 1601 es,
1203 1550 1318 1588 non
1361 1532 1597 1607 publico
1627 1551 1718 1589 me
1745 1532 2031 1608 praesidio,
2059 1526 2161 1588 sed
2190 1532 2413 1608 privata

451 1611 771 1687 diligentia,
814 1610 1065 1667 defendi.
1148 1609 1324 1681 Gum,
1369 1610 1641 1686 proximis
1694 1610 1946 1668 comitiis
1986 1611 2408 1682 consularibus,

451 1708 545 1747 me
588 1689 991 1747 consulem-in
1035 1689 1278 1764 Campo,
1322 1699 1382 1746 et
1432 1691 1836 1765 competitores
1888 1704 2035 1760 tuos,
2086 1689 2411 1747 interficere

449 1768 713 1837 voluisti;
772 1767 1087 1843 compressi
1142 1778 1273 1825 tuos
1325 1767 1578 1826 nefarios
1625 1779 1869 1826 conatus
1912 1769 2230 1827 amicorum
2269 1787 2413 1845 pro-

450 1847 597 1904 sidio
636 1858 696 1905 et
737 1847 941 1922 copiis,
967 1847 1127 1904 nullo
1165 1847 1418 1905 tumultu
1457 1866 1495 1922 p
1539 1847 1691 1905 blice
1729 1847 2040 1904 concitato.
2122 1847 2410 1922 Denique,

343 1934 417 1988 20
450 1927 909 2001 quotiescunque
935 1944 1027 1983 me
1055 1921 1286 2005 petisti}
1297 1945 1401 2007 per
1429 1944 1522 1983 me
1562 1925 1669 1983 tibi
1707 1926 1902 1987 obstiti
1915 1924 1936 1995 Δ;
1979 1944 2304 2001 quanquam
2333 1926 2413 1982 vi·

412 2034 418 2039 ·
450 2006 682 2075 debam,
709 2005 1029 2081 perniciem
1074 2023 1263 2062 meam
1305 2023 1444 2062 cum
1477 2005 1690 2081 magna
1719 2005 2050 2063 calamitate
2078 2004 2412 2080 reipublicae

449 2103 576 2143 esse
605 2084 996 2160 conjunctam.
1081 2083 1263 2143 Nunc
1278 2083 1400 2159 jam
1424 2082 1620 2159 aperte
1644 2083 2059 2159 rempublicam
2085 2085 2411 2142 universam

449 2163 632 2243 petis)
676 2163 888 2240 templa
916 2162 1172 2221 Deorum
1197 2162 1627 2234 immortalium,
1651 2173 1810 2221 tecta
1835 2163 2013 2233 urbis,
2031 2163 2206 2220 vitam
2230 2161 2413 2220 omni·

343 2316 416 2368 25
450 2261 548 2299 um
579 2242 815 2313 civium,
844 2241 1071 2301 Italiam
1100 2242 1352 2318 denique
1379 2252 1579 2313 totam,
1607 2242 1683 2300 ad
1721 2241 1962 2301 exitium
2001 2252 2066 2299 et
2088 2241 2424 2301 vastitatem.

452 2341 640 2379 vocas,

527 2400 753 2469 Quare,
780 2399 1052 2475 quoniam
1082 2399 1162 2470 id,
1190 2399 1342 2474 quod
1370 2399 1640 2475 primum,
1665 2409 1835 2474 atque
1864 2397 2035 2474 hujus
2056 2397 2280 2476 imperii
2301 2397 2416 2456 dis·

450 2478 795 2553 ciplinaeque
836 2477 1133 2553 ‘majerum
1173 2477 1466 2554 proprium
1507 2488 1613 2549 est,
1657 2478 1848 2535 facere
1890 2479 2148 2536 nondum
2191 2478 2411 2547 audeo;

451 2557 663 2613 faciam
692 2557 771 2627 id,
808 2558 961 2631 quod
987 2567 1076 2614 est
1104 2557 1177 2614 ad
1221 2556 1584 2614 severitatem
1620 2556 1829 2627 lenius,
1858 2567 1917 2614 et
1944 2557 2018 2614 ad
2045 2574 2418 2615 communen

449 2636 695 2693 salutem
724 2636 938 2694 utilius.
1021 2634 1197 2706 Nam,
1226 2635 1276 2692 si
1303 2645 1362 2692 te
1391 2635 1638 2694 interfici
1662 2635 1908 2711 jussero,
1936 2635 2212 2693 residebit
2241 2635 2299 2692 in
2328 2654 2417 2692 re-

343 2719 416 2772 30
448 2715 683 2790 publica
710 2715 929 2790 reliqua
955 2709 1383 2789 conjuratorum
1413 2732 1654 2784 manus;
1695 2714 1787 2771 sin
1814 2724 1877 2771 tu
1903 2712 2084 2791 (quod
2110 2726 2168 2772 te
2190 2714 2416 2790 jamdu-
2457 2746 2469 2754 ·

450 2793 587 2851 dum
639 2795 859 2872 hortor)
887 2792 1117 2863 exieris,
1145 2793 1517 2850 exhaurietur
1558 2812 1632 2850 ex
1676 2793 1817 2850 urbe
1861 2804 2091 2851 tuorum
2135 2793 2413 2851 comitum

449 2891 663 2948 magna
678 2882 737 2929 et
752 2871 1078 2948 perniciosa
1099 2872 1328 2929 sentina
1355 2869 1765 2951 [reipublicaeJ.
1806 2871 1973 2933 Quid
1989 2882 2097 2942 est,
2115 2870 2436 2928 Catiliua‘l'

449 2970 589 3008 num
618 2951 846 3009 dubitas
875 2950 954 3020 id,
984 2970 1077 3008 me
1106 2951 1446 3026 imperante,
1474 2950 1688 3021 facere,
1715 2951 1867 3025 quod
1904 2952 2024 3027 jam
2067 2950 2168 3007 tua
2211 2959 2416 3025 sponte

451 3030 744 3088 faciebas?
805 3029 979 3088 Exire
996 3049 1070 3087 ex
1085 3030 1226 3087 urbe
1249 3029 1451 3086 consul
1477 3029 1700 3087 hostem
1717 3029 1917 3105 jubet:
1959 3029 2279 3104 interrogas
2296 3046 2410 3098 me,
2456 3077 2460 3081 ,

344 3112 417 3167 35
450 3129 588 3168 num
619 3110 677 3167 in
705 3108 1016 3169 exsilium'l
1080 3107 1214 3167 Non
1240 3107 1452 3183 jubeo:
1494 3109 1618 3178 sed,
1647 3109 1697 3167 si
1726 3128 1819 3165 me
1847 3107 2120 3175 consulis,
2151 3107 2384 3164 suadeo,
2422 3126 2426 3130 ·

288 3176 441 3211 ''¹'’
529 3189 636 3246 VI.
716 3187 882 3250 Quid
924 3188 1101 3258 enim,
1131 3187 1409 3257 Catilina,
1436 3196 1544 3257 est,
1572 3187 1725 3262 quod
1754 3197 1812 3244 te
1847 3185 1967 3262 jam
2011 3186 2070 3244 in
2113 3187 2226 3243 hac
2271 3184 2415 3242 urbe

449 3267 742 3326 delectare
769 3266 993 3343 possit'l
1035 3266 1094 3322 in
1131 3265 1245 3341 qua
1286 3284 1460 3324 nemo
1495 3276 1585 3323 est
1627 3264 1817 3343 (extra
1857 3265 2025 3322 istam
2068 3263 2413 3340 conjuratio-

450 3366 584 3405 nem
624 3346 975 3422 perditorum
1018 3344 1371 3423 hominum),
1400 3344 1499 3420 qui
1540 3356 1599 3402 te
1638 3364 1754 3401 non
1798 3353 2016 3401 metuat
2038 3364 2052 3413 ;
2096 3362 2287 3413 nemo,
2314 3341 2415 3417 qui

450 3444 567 3484 non
606 3425 807 3484 oderit.
889 3424 1044 3485 Quae
1085 3434 1223 3481 nota
1263 3424 1597 3481 domesticas
1651 3421 2022 3498 turpitudinis
2063 3441 2177 3478 non
2221 3422 2414 3479 inusta

344 3500 417 3558 4‘0
453 3505 581 3560 vitae
609 3515 722 3561 tuae
749 3504 882 3560 est?
922 3503 1072 3577 quod
1096 3504 1445 3579 privatarum
1471 3521 1660 3559 rerum
1682 3501 1938 3558 dedecus
1960 3520 2074 3558 nou
2100 3502 2277 3557 haeret
2303 3497 2415 3576 [in-

452 3583 713 3662 famiaeJ'l
753 3599 880 3657 quae
920 3580 1098 3638 libido
1141 3582 1213 3639 ab
1250 3582 1456 3651 oculiS,
1483 3581 1635 3656 quod
1681 3580 1907 3637 facinus
1936 3598 1970 3636 a
1998 3579 2268 3635 manibus
2311 3596 2413 3633 un-

344 3706 351 3737 ,
380 3724 389 3731 ‚
449 3680 623 3736 quam
652 3661 782 3729 tuis,
804 3660 955 3734 quod
987 3658 1263 3735 flagitium
1295 3677 1330 3716 a
1357 3670 1475 3716 toto
1503 3678 1760 3734 corpore,
1792 3657 2013 3716 abfuit'l
2084 3657 2197 3713 Cui
2226 3666 2286 3712 tu
2317 3654 2413 3711 ad-

226 3774 405 3841 a&
449 3739 825 3807 olescentu10,
853 3757 1023 3813 quem
1053 3737 1504 3811 corruptelarum
1531 3736 1820 3795 illecebris
1846 3735 2146 3801 irretisseS,
2170 3755 2283 3792 non
2315 3742 2413 3821 aut

346 3840 357 3891 ς
453 3818 526 3874 ad
569 3815 872 3874 audaciam
914 3815 1147 3885 ferrum,
1191 3825 1288 3872 aut
1344 3814 1416 3872 ad
1470 3814 1771 3872 libidinem
1826 3814 2033 3885 facem,
2075 3814 2411 3890 praetulistn?
